03300000         208030363000181003300800049025262470008090000130026410 SUPERMERCADO NORDESTAO LTDA   BANCO SANTANDER S.A                     11106202008541702415508900000                    0002415517                                       
03300011C2001045 208030363000181003300800049025262470008090000130026410 SUPERMERCADO NORDESTAO LTDA                                           RODOVIA BR 304                00000               PARNAMIRIM          59146750RN                  
0330001300001A0000000330020400000130043661 PET IN HOUSE COMERCIO         1400333433          15062020BRL000000000000000000000009900837                    00000000000000000000000                                                    0          
0330001300002B   211845075000190RUA GENTIL BRAGA              317                 VILA BUENOS AIRSAO PAULO           03737020SP15062020000000009900837000000000000000000000000000000000000000000000000000000000000               0000000        
0330001300003A0000000330227100000130001636 HENKEL LTDA                   1400333398          15062020BRL000000000000000000000000930329                    00000000000000000000000                                                    0          
0330001300004B   202777131000105AVENIDA PROFESSOR VERNON KRIEB91                  DISTRITO INDUSTITAPEVI             06696070SP15062020000000000930329000000000000000000000000000000000000000000000000000000000000               0000000        
0330001300005A0000000330466700000130002171 FIOR DI LATTE COMERCIAL LTDA  1400333393          15062020BRL000000000000000000000000045030                    00000000000000000000000                                                    0          
0330001300006B   202372370000185LOTEAMENTO JARDIM IPES LTS 121S N                 CENTRO         SAO JOSE DE MIPIBU  59162000RN15062020000000000045030000000000000000000000000000000000000000000000000000000000000               0000000        
03300015         000008000000000010876196000000000000000000                                                                                                                                                                                     
03300021C2041045 208030363000181003300800049025262470008090000130026410 SUPERMERCADO NORDESTAO LTDA                                           RODOVIA BR 304                00000               PARNAMIRIM          59146750RN                  
0330002300001A0000180010002200000000341754 LP DE PAULA ME                1400333408          15062020BRL000000000000000000000000200265                    00000000000000000000000                                          00010     0          
0330002300002B   214954539000194CHACARA ESTACAO DAS FLORES    2                   ANINGAS        CEARAMIRIM          59570000RN15062020000000000200265000000000000000000000000000000000000000000000000000000000000               0000000        
0330002300003A0000180010002200000005501105 COMEBOM DISTRIBUIDORA LTDA    1400333387          15062020BRL000000000000000000000000051920                    00000000000000000000000                                          00010     0          
0330002300004B   210871390000129AVENIDA AYRTON SENNA          1029                CAPIM MACIO    NATAL               59080100RN15062020000000000051920000000000000000000000000000000000000000000000000000000000000               0000000        
0330002300005A0000180010006310000000432385 DISTRIBUIDORA CAMPINENSE DE   1400333444          15062020BRL000000000000000000000002171016                    00000000000000000000000                                          00010     0          
0330002300006B   234764386000120V COLETORA                    200                 ACACIO DE FIGUECAMPINA GRANDE      58421280PB15062020000000002171016000000000000000000000000000000000000000000000000000000000000               0000000        
0330002300007A0000180010022000000000259985 AGROINDUSTRIAL FRUTNAA LTDA   1400333189          15062020BRL000000000000000000000001957716                    00000000000000000000000                                          00010     0          
0330002300008B   206015530000190RODOVIA PE 075 KM1            102                 DIST INDUSTRIALGOIANA              55900000PE15062020000000001957716000000000000000000000000000000000000000000000000000000000000               0000000        
0330002300009A0000180010066310000000391905 PRIMEIRA FRUTA COMERCIO       1400333443          15062020BRL000000000000000000000011069830                    00000000000000000000000                                          00010     0          
0330002300010B   236007895000133AV DR GASTAO VIDIGAL          1946                VILA LEOPOLDINASAO PAULO           05316900SP15062020000000011069830000000000000000000000000000000000000000000000000000000000000               0000000        
0330002300011A0000180010108500000000156744 MASSAS JUCURUTU IND PANIF LTDA1400333412          15062020BRL000000000000000000000000564080                    00000000000000000000000                                          00010     0          
0330002300012B   214436874000109RODOVIA RN 118                100                 ZONA RURAL     JUCURUTU            59330000RN15062020000000000564080000000000000000000000000000000000000000000000000000000000000               0000000        
0330002300013A0000180010160400000000180009 AVINE COML E AVICOLA NORDESTE 1400333190          15062020BRL000000000000000000000006825072                    00000000000000000000000                                          00010     0          
0330002300014B   241434556000173AVENIDA PRESIDENTE COSTA E SIL2140                ZONA RURAL     FORTALEZA           60761190CE15062020000000006825072000000000000000000000000000000000000000000000000000000000000               0000000        
0330002300015A0000180010166800000000274879 FILE DE ALAMBIQUE DISTRIBUIDOR1400333389          15062020BRL000000000000000000000000151507                    00000000000000000000000                                          00010     0          
0330002300016B   209911121000160AVENIDA PETRA KELLY           824                 NOVA PARNAMIRIMPARNAMIRIM          59150000RN15062020000000000151507000000000000000000000000000000000000000000000000000000000000               0000000        
0330002300017A0000180010176900000000077720 PONTELAND DISTRIBUICAO SA     1400333419          15062020BRL000000000000000000000000149335                    00000000000000000000000                                          00010     0          
0330002300018B   204247792000154RUA PROFESSORA CELITA RODRIGUE130                 JARDIM MARAJOARJAPERI              26410250RJ15062020000000000149335000000000000000000000000000000000000000000000000000000000000               0000000        
0330002300019A0000180010225780000000125970 AGRICOLA QDELICIA FRUTAS LTDA 1400333188          15062020BRL000000000000000000000002150693                    00000000000000000000000                                          00010     0          
0330002300020B   209104065000151SITIO FORTALEZA               SN                  CHA DO ESQUECIDSAO VICENTE FERRER  55860000PE15062020000000002150693000000000000000000000000000000000000000000000000000000000000               0000000        
0330002300021A0000180010262300000000263567 COMERCIAL DO TRIGO LTDA       1400333388          15062020BRL000000000000000000000001872790                    00000000000000000000000                                          00010     0          
0330002300022B   205728108000119AVENIDA DR JOAO MEDEIROS FILHO3905                REDINHA        NATAL               59108120RN15062020000000001872790000000000000000000000000000000000000000000000000000000000000               0000000        
0330002300023A0000180010287010000001295462 G J DE MEDEIROS               1400333442          15062020BRL000000000000000000000002030580                    00000000000000000000000                                          00010     0          
0330002300024B   209110388000409AV INTERVENTOR MARIO CAMARA   4380                CIDADE DA ESPERNATAL               59070600RN15062020000000002030580000000000000000000000000000000000000000000000000000000000000               0000000        
0330002300025A0000180010336900000000011665 PLASUTIL IND E COM DE PLAST LT1400333418          15062020BRL000000000000000000000000710897                    00000000000000000000000                                          00010     0          
0330002300026B   256450877000210RUA JORNALISTA EDSON REGIS    456                 IBURA          RECIFE              51220000PE15062020000000000710897000000000000000000000000000000000000000000000000000000000000               0000000        
0330002300027A0000180010340900000001020390 AMAFIL IND E COM DE ALIMENTOS 1400333434          15062020BRL000000000000000000000000484000                    00000000000000000000000                                          00010     0          
0330002300028B   275784140000105ESTRADA PARA CIANORTE         S N                 DISTRITO DE SAOCIANORTE            87213000PR15062020000000000484000000000000000000000000000000000000000000000000000000000000000               0000000        
0330002300029A0000180010343400000000550868 CBL ALIMENTOS S/A             1400333193          15062020BRL000000000000000000000006767496                    00000000000000000000000                                          00010     0          
0330002300030B   210483444000189R CARLOS CAMARA               1454                PLANALTO AEROPRFORTALEZA           60020150CE15062020000000006767496000000000000000000000000000000000000000000000000000000000000               0000000        
0330002300031A0000180010343400000000550868 CBL ALIMENTOS S/A             1400333194          15062020BRL000000000000000000000004244820                    00000000000000000000000                                          00010     0          
0330002300032B   210483444000189R CARLOS CAMARA               1454                EMAUS          FORTALEZA           60020150CE15062020000000004244820000000000000000000000000000000000000000000000000000000000000               0000000        
0330002300033A0000180010352500000000083666 H C DE ARAUJO LUIZ ME         1400333397          15062020BRL000000000000000000000000172785                    00000000000000000000000                                          00010     0          
0330002300034B   204057026000127RUA VEREADOR JOSE SOTERO      956                 ALECRIM        NATAL               59040050RN15062020000000000172785000000000000000000000000000000000000000000000000000000000000               0000000        
0330002300035A0000180010369800000000141640 DOCES DANTAS LTDA             1400333391          15062020BRL000000000000000000000000559079                    00000000000000000000000                                          00010     0          
0330002300036B   212649349000138RUA PEDRA BRANCA              1118                LOT SANTAREM PONATAL               59111020RN15062020000000000559079000000000000000000000000000000000000000000000000000000000000               0000000        
0330002300037A0000180010377700000000010502 MANOEL JOSE DA SOUZA ME       1400333409          15062020BRL000000000000000000000001842695                    00000000000000000000000                                          00010     0          
0330002300038B   211938925000102AVENIDA CAPITAOMOR GOUVEIA    S N                 LAGOA NOVA     NATAL               59063400RN15062020000000001842695000000000000000000000000000000000000000000000000000000000000               0000000        
0330002300039A0000180010377700000000013080 MFS FREITAS HORTIFRUTIGRANJEIR1400333414          15062020BRL000000000000000000000000140512                    00000000000000000000000                                          00010     0          
0330002300040B   201230500000182AVENIDA CAPITAOMOR GOUVEIACEASS N                 LAGOA NOVA     NATAL               59070400RN15062020000000000140512000000000000000000000000000000000000000000000000000000000000               0000000        
0330002300041A0000180010377700000000157937 DEUZIMAR BATISTA DE MEDEIROS E1400333390          15062020BRL000000000000000000000000300800                    00000000000000000000000                                          00010     0          
0330002300042B   210716322000195AVENIDA CAPITAOMOR GOUVEIA    S N                 LAGOA NOVA     NATAL               59076400RN15062020000000000300800000000000000000000000000000000000000000000000000000000000000               0000000        
0330002300043A0000180010436100000001094270 STER BOM IND E COM LTDA       1400333426          15062020BRL000000000000000000000005836294                    00000000000000000000000                                          00010     0          
0330002300044B   203066662000152RODOVIA BR 304 KM 305         S N                 DISTRITO INDUSTPARNAMIRIM          59146750RN15062020000000005836294000000000000000000000000000000000000000000000000000000000000               0000000        
0330002300045A0000180010436100000000030929 CIRNE IRMAOS CIA LTDA         1400333385          15062020BRL000000000000000000000004557000                    00000000000000000000000                                          00010     0          
0330002300046B   208326720000153RUA LEONEL LEITE              1415                ALECRIM        NATAL               59037820RN15062020000000004557000000000000000000000000000000000000000000000000000000000000000               0000000        
0330002300047A0000180010436100000000500003 JOAO MILITAO MARTINS EIRELI   1400333404          15062020BRL000000000000000000000000689800                    00000000000000000000000                                          00010     0          
0330002300048B   208001026000166RUA BELA VISTA                220                 IGAPO          NATAL               59104230RN15062020000000000689800000000000000000000000000000000000000000000000000000000000000               0000000        
0330002300049A0000180010808200000000216380 PANIFICADORA SAO MIGUEL LTDA -1400333417          15062020BRL000000000000000000000000882780                    00000000000000000000000                                          00010     0          
0330002300050B   209374422000282RUA HIDROGRAFO VITAL DE OLIVEI199                 NOSSA SENHORA DNATAL               59062240RN15062020000000000882780000000000000000000000000000000000000000000000000000000000000               0000000        
0330002300051A0000180040021500000000173112 D P B AVICULTURA COM VAREJ OVO1400333440          15062020BRL000000000000000000000002399520                    00000000000000000000000                                          00010     0          
0330002300052B   208148596000345RODOVIA RN 160                S N                 DISTRITO DE CANMACAIBA             59280000RN15062020000000002399520000000000000000000000000000000000000000000000000000000000000               0000000        
0330002300053A0000181040204400000000036650 BASSANO IND DE ALIMENTOS LTDA 1400333191          15062020BRL000000000000000000000000130283                    00000000000000000000000                                          00010     0          
0330002300054B   219095336000103RUA PROJETADA                 SN                  PIRANGI DO SUL NISIA FLORESTA      59164000RN15062020000000000130283000000000000000000000000000000000000000000000000000000000000               0000000        
0330002300055A0000181040324200000030006741 SIMAS INDUSTRIAL DE ALIMENTOS 1400333425          15062020BRL000000000000000000000000201272                    00000000000000000000000                                          00010     0          
0330002300056B   203570768000199RODOVIA BR 304                S N                 ZONA RURAL     MACAIBA             59280000RN15062020000000000201272000000000000000000000000000000000000000000000000000000000000               0000000        
0330002300057A0000181040424900000000000698 ESTAR BEM COM ATACADISTA ALIM 1400333392          15062020BRL000000000000000000000000227384                    00000000000000000000000                                          00010     0          
0330002300058B   210564721000188RUA SENADOR GEORGINO AVELINO  451                 MONTE CASTELO  PARNAMIRIM          59146150RN15062020000000000227384000000000000000000000000000000000000000000000000000000000000               0000000        
0330002300059A0000182120000100000000528880 FLORA DIST PROD HIGI LIMPEZA L1400333395          15062020BRL000000000000000000000008222096                    00000000000000000000000                                          00010     0          
0330002300060B   211852585000194RODOVIA DOM GABRIEL PAULINO BUS N                 PONTE DE ZINCO JUNDIAI             13212240SP15062020000000008222096000000000000000000000000000000000000000000000000000000000000               0000000        
0330002300061A0000182370032100000001496204 D D GASPAR FABRICACAO DE AGUA 1400333431          15062020BRL000000000000000000000000058500                    00000000000000000000000                                          00010     0          
0330002300062B   204983035000149LAGOA MARGEM DA LAGOA DE EXTRES N                 ZONA RURAL     EXTREMOZ            59575500RN15062020000000000058500000000000000000000000000000000000000000000000000000000000000               0000000        
0330002300063A0000182370154730000001222228 I DON FRANCESCO LATICINIOS LTD1400333441          15062020BRL000000000000000000000000088007                    00000000000000000000000                                          00010     0          
0330002300064B   209312868000100RUA BOAVENTURA JOSE SOARES    145                 CANTEIRO       VALENCA             27600000RJ15062020000000000088007000000000000000000000000000000000000000000000000000000000000               0000000        
0330002300065A0000182370201100000000200204 ITAMBE ALIMENTOS S/A          1400333402          15062020BRL000000000000000000000019940051                    00000000000000000000000                                          00010     0          
0330002300066B   216849231000104RODOVIA BR 262 KM 403         SN                  SAO GERALDO    PARA DE MINAS       35661390MG15062020000000019940051000000000000000000000000000000000000000000000000000000000000               0000000        
0330002300067A0000182370211480000000163007 CALIMAN AGRICOLA RN S/A       1400333192          15062020BRL000000000000000000000000566678                    00000000000000000000000                                          00010     0          
0330002300068B   204570179000173ESTRADA LOCALIDADE DO TATU    S N                 DISTRITO SANTA PUREZA              59582000RN15062020000000000566678000000000000000000000000000000000000000000000000000000000000               0000000        
0330002300069A0000182370213100000000036226 J GALVAO JUNIOR               1400333403          15062020BRL000000000000000000000000460416                    00000000000000000000000                                          00010     0          
0330002300070B   201815137000167AVENIDA PRESIDENTE GETULIO VAR2070                SILVIO BEZERRA CURRAIS NOVOS       59380000RN15062020000000000460416000000000000000000000000000000000000000000000000000000000000               0000000        
0330002300071A0000182370237200000000086517 VIGOR ALIMENTOS S/A           1400333429          15062020BRL000000000000000000000008683015                    00000000000000000000000                                          00010     0          
0330002300072B   213324184000197RUA JOAQUIM CARLOS            396                 DISTRITO IND SASAO PAULO           03019900SP15062020000000008683015000000000000000000000000000000000000000000000000000000000000               0000000        
0330002300073A0000182370237200000000976512 LACTALIS DO BRASIL            1400333405          15062020BRL000000000000000000000005187200                    00000000000000000000000                                          00010     0          
0330002300074B   214049467000130RUA PEREIRA FRANCO            333                 ZONA RURAL     PORTO ALEGRE        90240520RS15062020000000005187200000000000000000000000000000000000000000000000000000000000000               0000000        
0330002300075A0000182370237200000000976512 LACTALIS DO BRASIL            1400333406          15062020BRL000000000000000000000004224067                    00000000000000000000000                                          00010     0          
0330002300076B   214049467000130RUA PEREIRA FRANCO            333                 DISTRITO INDUSTPORTO ALEGRE        90240520RS15062020000000004224067000000000000000000000000000000000000000000000000000000000000               0000000        
0330002300077A0000182370263200000000106194 MULTIGIRO COM E DISTRIBUICAO L1400333415          15062020BRL000000000000000000000000526217                    00000000000000000000000                                          00010     0          
0330002300078B   213446587000109RUA RODOVIA BR304             S N                 PARQUE DE EXPOSPARNAMIRIM          59146750RN15062020000000000526217000000000000000000000000000000000000000000000000000000000000               0000000        
0330002300079A0000182370265700000000007285 FIRST S A                     1400333394          15062020BRL000000000000000000000009736716                    00000000000000000000000                                          00010     0          
0330002300080B   200802235000105AV IBIRAPUERA                 2332                CIDADE UNIVERSISAO PAULO           04028002SP15062020000000009736716000000000000000000000000000000000000000000000000000000000000               0000000        
0330002300081A0000182370291140000000440000 CASAPRATIL COMERCIO DE ENCARTE1400333432          15062020BRL000000000000000000000000553039                    00000000000000000000000                                          00010     0          
0330002300082B   227914031000104BOSQUE DOS EUCALIPTOS         3410                BOSQUE DOS EUCASAO JOSE DOS CAMPOS 12233001SP15062020000000000553039000000000000000000000000000000000000000000000000000000000000               0000000        
0330002300083A0000182370296000000000054143 MAURICEA ALIMENTOS DO NORDESTE1400333413          15062020BRL000000000000000000000000892444                    00000000000000000000000                                          00010     0          
0330002300084B   212819074000133RODOVIA BR 408                S N                 LAGOA NOVA     NAZARE DA MATA      55800000PE15062020000000000892444000000000000000000000000000000000000000000000000000000000000               0000000        
0330002300085A0000182370337600000002420007 SANTA HELENA IND DE ALIMENTOS 1400333424          15062020BRL000000000000000000000001513509                    00000000000000000000000                                          00010     0          
0330002300086B   245256997000183RUA PARAGUAI                  1275                PARQUE INDUSTRIRIBEIRAO PRETO      14075350SP15062020000000001513509000000000000000000000000000000000000000000000000000000000000               0000000        
0330002300087A0000182370370800000000035009 NELSON WENDT E CIA LTDA       1400333416          15062020BRL000000000000000000000004091010                    00000000000000000000000                                          00010     0          
0330002300088B   292215763000178AVENIDA FERNANDO OSORIO       2774                GUABIRABA      PELOTAS             96065000RS15062020000000004091010000000000000000000000000000000000000000000000000000000000000               0000000        
0330002300089A0000182370715100000000238627 ADRIANO DANTAS CAVALCANTE     1400333439          15062020BRL000000000000000000000000070788                    00000000000000000000000                                          00010     0          
0330002300090B   232484409000117RUA CONSELHEIRO LAFAIETE      2905                NEOPOLIS       NATAL               59084250RN15062020000000000070788000000000000000000000000000000000000000000000000000000000000               0000000        
0330002300091A0000183410020300000000330675 REGINA INDUSTRIA E COMERCIO S/1400333422          15062020BRL000000000000000000000000585910                    00000000000000000000000                                          00010     0          
0330002300092B   252005378000181AVENIDA JOAQUIM CONSTANTINO   3025                JARDIM SANTA LUPRESIDENTE PRUDENTE 19053300SP15062020000000000585910000000000000000000000000000000000000000000000000000000000000               0000000        
0330002300093A0000183410031200000000066822 LIMPPANO S/A                  1400333407          15062020BRL000000000000000000000012989830                    00000000000000000000000                                          00010     0          
0330002300094B   233033556000133RODOVIA PRES DUTRA            1338                PAVUNA         RIO DE JANEIRO      21535500RJ15062020000000012989830000000000000000000000000000000000000000000000000000000000000               0000000        
0330002300095A0000183410037200000000001891 USINA MONTE ALEGRE S/A        1400333428          15062020BRL000000000000000000000002585000                    00000000000000000000000                                          00010     0          
0330002300096B   209094632000217FAZENDA MONTE ALEGRE          SN                  ZONA RURAL     MAMANGUAPE          58280000PB15062020000000002585000000000000000000000000000000000000000000000000000000000000000               0000000        
0330002300097A0000183410079600000000513489 BENASSI SAO PAULO IMPORTACAO E1400333435          15062020BRL000000000000000000000000625340                    00000000000000000000000                                          00010     0          
0330002300098B   204052176000490AV CARDEAL SANTIAGO LUIS COPEL299                 VILA LEOPOLDINASAO PAULO           05308000SP15062020000000000625340000000000000000000000000000000000000000000000000000000000000               0000000        
0330002300099A0000183410079600000000099299 THEOTO S A INDUSTRIA E COMERCI1400333427          15062020BRL000000000000000000000000460854                    00000000000000000000000                                          00010     0          
0330002300100B   250938745000174RUA DO RETIRO                 2020                CENTRO         JUNDIAI             13201030SP15062020000000000460854000000000000000000000000000000000000000000000000000000000000               0000000        
0330002300101A0000183410091000000000019298 BIMBO DO BRASIL LTDA          1400333430          15062020BRL000000000000000000000000815180                    00000000000000000000000                                          00010     0          
0330002300102B   235402759000185R ERICO VERISSIMO             342                 MONTE CASTELO  SAO PAULO           05560900SP15062020000000000815180000000000000000000000000000000000000000000000000000000000000               0000000        
0330002300103A0000183410133900000000081885 A AUGUSTA DA SILVA ME         1400333436          15062020BRL000000000000000000000000144240                    00000000000000000000000                                          00010     0          
0330002300104B   221221896000109R SANTA CLARA                 273                 F CAMARAO      NATAL               59072470RN15062020000000000144240000000000000000000000000000000000000000000000000000000000000               0000000        
0330002300105A0000183410134700000000000018 MANUFATURA PRODUTOS KING LTDA 1400333410          15062020BRL000000000000000000000001001982                    00000000000000000000000                                          00010     0          
0330002300106B   233479445000155ESTRADA GENERAL CONROBERT PERE965                 MAGALHAES BASTORIO DE JANEIRO      21710400RJ15062020000000001001982000000000000000000000000000000000000000000000000000000000000               0000000        
0330002300107A0000183410606600000000196350 INDUSTRIAS REUNIDAS RAYMUNDO D1400333400          15062020BRL000000000000000000000009760130                    00000000000000000000000                                          00010     0          
0330002300108B   211507415000172RODOVIA PE15                  S N                 TORRES GALVAO  PAULISTA            53417690PE15062020000000009760130000000000000000000000000000000000000000000000000000000000000               0000000        
0330002300109A0000183410653000000000367876 DELICIA POTIGUAR FECULA EIRELI1400333438          15062020BRL000000000000000000000000399060                    00000000000000000000000                                          00010     0          
0330002300110B   229404459000132FAZENDA PEROBAS               8998                ZONA RURAL     SERRA CAIDA         59243000RN15062020000000000399060000000000000000000000000000000000000000000000000000000000000               0000000        
0330002300111A0000183410931400000000179814 MARIA LUIZA BORGES - ME       1400333411          15062020BRL000000000000000000000000462250                    00000000000000000000000                                          00010     0          
0330002300112B   203450575000102RUA DO MOTOR 487 A            487 A               PRAIA DO MEIO  NATAL               59010090RN15062020000000000462250000000000000000000000000000000000000000000000000000000000000               0000000        
0330002300113A00001834109314 0000000183485 GENERAL FOODS SOCIEDADE DE    1400333437          15062020BRL000000000000000000000000535809                    00000000000000000000000                                          00010     0          
0330002300114B   207146729000110R DAS CONCHAS                 2166                PONTA NEGRA    NATAL               59090420RN15062020000000000535809000000000000000000000000000000000000000000000000000000000000               0000000        
0330002300115A0000183890021300000020609573 HIDROMINAS SANTA MARIA IND E C1400333399          15062020BRL000000000000000000000000045548                    00000000000000000000000                                          00010     0          
0330002300116B   208418279000130AVENIDA DR LUIZ ANTONIO LINHA S N                 FONTE CAJUPIRANPARNAMIRIM          59150000RN15062020000000000045548000000000000000000000000000000000000000000000000000000000000               0000000        
0330002300117A0000186110000100000008688361 ROSATEX NOR PROD SANEANTES LTD1400333423          15062020BRL000000000000000000000002455737                    00000000000000000000000                                          00010     0          
0330002300118B   205642147000107RODOVIA PE 18                 712                 DISTRITO INDUSTABREU E LIMA        53520710PE15062020000000002455737000000000000000000000000000000000000000000000000000000000000               0000000        
0330002300119A0000187070000100000007077183 INDUSTRIA CRUZ PESCADOS       1400333401          15062020BRL000000000000000000000001816513                    00000000000000000000000                                          00010     0          
0330002300120B   209015680000191AVENIDA DE CONTORNO PROJ 01   S N                 JARDIM DAS FLORMACAIBA             59280000RN15062020000000001816513000000000000000000000000000000000000000000000000000000000000               0000000        
0330002300121A0000187070000100000007176017 GUARAVES ALIMENTOS LTDA       1400333396          15062020BRL000000000000000000000002184689                    00000000000000000000000                                          00010     0          
0330002300122B   212727145000178LOC SITIO SANTIAGO            S N                 ZONA RURAL     GUARABIRA           58200000PB15062020000000002184689000000000000000000000000000000000000000000000000000000000000               0000000        
0330002300123A0000187070000100000007209020 COM DE LATICINIOS DE NATAL LTD1400333386          15062020BRL000000000000000000000001246463                    00000000000000000000000                                          00010     0          
0330002300124B   270322490000128RUA TENENTE PETROLINO DIOGO   251                 QUINTAS        NATAL               59060110RN15062020000000001246463000000000000000000000000000000000000000000000000000000000000               0000000        
0330002300125A0000187070000100000007329972 PRODUTOS LUCENA EIRELI ME     1400333420          15062020BRL000000000000000000000002727000                    00000000000000000000000                                          00010     0          
0330002300126B   201753639000100RUA AGNALDO GURGEL JUNIOR     10                  CANDELARIA     NATAL               59066030RN15062020000000002727000000000000000000000000000000000000000000000000000000000000000               0000000        
0330002300127A0000187480220700000000068110 RAIMUNDO NONATO BANDEIRA E SIL1400333421          15062020BRL000000000000000000000007315469                    00000000000000000000000                                          00010     0          
0330002300128B   210700821000194RUA NOSSA SENHORA DA GLORIA   321                 BOM PASTOR     NATAL               59060290RN15062020000000007315469000000000000000000000000000000000000000000000000000000000000               0000000        
03300025         000130000000000172312978                                                                                                                                                                                                       
03399999         000002000140000000                                                                                                                                                                                                             
