03300000         208030363000181003300800049025262470008090000130026410 SUPERMERCADO NORDESTAO LTDA   BANCO SANTANDER S.A                     10506202008173402399708900000                    0002399730                                       
03300011C2001045 208030363000181003300800049025262470008090000130026410 SUPERMERCADO NORDESTAO LTDA                                           RODOVIA BR 304                00000               PARNAMIRIM          59146750RN                  
0330001300001A0000000330217500000290005209 TOTAL QUIMICA LTDA            1400331473          08062020BRL000000000000000000000001598723                    00000000000000000000000                                                    0          
0330001300002B   268418433000103RODOVIA REGIS BITTENCOURT     S N                 JARDIM DOS OLIVEMBU DAS ARTES      06818300SP08062020000000001598723000000000000000000000000000000000000000000000000000000000000               0000000        
0330001300003A0000000330226300000130007619 L OREAL BRASIL COM COSMETICOS 1400331457          08062020BRL000000000000000000000023735652                    00000000000000000000000                                                    0          
0330001300004B   230278428000161AV BARAO DE TEFE              27                  CIDADE NOVA CAMRIO DE JANEIRO      20220460RJ08062020000000023735652000000000000000000000000000000000000000000000000000000000000               0000000        
0330001300005A0000000330415300000130004144 FRIGORIFICO INDL PERNAMBUCANO 1400331477          08062020BRL000000000000000000000003029751                    00000000000000000000000                                                    0          
0330001300006B   201774866000112RODOVIA BR 101 NORTE          SN                  N SRA DA APRESEIGARASSU            53610970PE08062020000000003029751000000000000000000000000000000000000000000000000000000000000               0000000        
0330001300007A0000000330466700000130002171 FIOR DI LATTE COMERCIAL LTDA  1400331441          08062020BRL000000000000000000000000027455                    00000000000000000000000                                                    0          
0330001300008B   202372370000185LOTEAMENTO JARDIM IPES LTS 121S N                 CENTRO         SAO JOSE DE MIPIBU  59162000RN08062020000000000027455000000000000000000000000000000000000000000000000000000000000               0000000        
0330001300009A0000000330466700000130035126 CORDEIRO PATRIOTA LTDA        1400331486          08062020BRL000000000000000000000001419549                    00000000000000000000000                                                    0          
0330001300010B   228346011000147ROD RN 064                    SN                  ZONA RURAL     SAO PEDRO           59480000RN08062020000000001419549000000000000000000000000000000000000000000000000000000000000               0000000        
03300015         000012000000000029811130000000000000000000                                                                                                                                                                                     
03300021C2041045 208030363000181003300800049025262470008090000130026410 SUPERMERCADO NORDESTAO LTDA                                           RODOVIA BR 304                00000               PARNAMIRIM          59146750RN                  
0330002300001A0000180010006900000000757284 CAPPELLARO&CAPPELLARO COM DE F1400331426          08062020BRL000000000000000000000002700000                    00000000000000000000000                                          00010     0          
0330002300002B   218519610000161LOTEAMENTO PROJETO SENADOR NIL1276                ZONA RURAL     PETROLINA           56300000PE08062020000000002700000000000000000000000000000000000000000000000000000000000000000               0000000        
0330002300003A0000180010006900000000830305 CAPP COMERCIAL DE FRUTAS LTDA 1400331425          08062020BRL000000000000000000000003714616                    00000000000000000000000                                          00010     0          
0330002300004B   222842438000150A PROJETO SENADOR NIL SN LOTE                     ZONA RURAL DE PPETROLINA           56334899PE08062020000000003714616000000000000000000000000000000000000000000000000000000000000               0000000        
0330002300005A0000180010108500000000156744 MASSAS JUCURUTU IND PANIF LTDA1400331460          08062020BRL000000000000000000000002388080                    00000000000000000000000                                          00010     0          
0330002300006B   214436874000109RODOVIA RN 118                100                 ZONA RURAL     JUCURUTU            59330000RN08062020000000002388080000000000000000000000000000000000000000000000000000000000000               0000000        
0330002300007A0000180010166800000000274879 FILE DE ALAMBIQUE DISTRIBUIDOR1400331433          08062020BRL000000000000000000000000040355                    00000000000000000000000                                          00010     0          
0330002300008B   209911121000160AVENIDA PETRA KELLY           824                 NOVA PARNAMIRIMPARNAMIRIM          59150000RN08062020000000000040355000000000000000000000000000000000000000000000000000000000000               0000000        
0330002300009A0000180010183600000001103911 COMERCIAL HORTI FRIOS LTDA    1400331481          08062020BRL000000000000000000000001049833                    00000000000000000000000                                          00010     0          
0330002300010B   240843179000163RODOVIA BR 101 SUL            550                 CURADO         RECIFE              50790900PE08062020000000001049833000000000000000000000000000000000000000000000000000000000000               0000000        
0330002300011A0000180010225600000000022179 IND DE ALIMENTOS ESPECIARIAS  1400331449          08062020BRL000000000000000000000000218301                    00000000000000000000000                                          00010     0          
0330002300012B   206179494000108RODOVIA BR 304                S N                 DISTRITO INDUSTMACAIBA             59280000RN08062020000000000218301000000000000000000000000000000000000000000000000000000000000               0000000        
0330002300013A0000180010225600000000032174 MNP DE LIMA IND E COM DE MAT  1400331482          08062020BRL000000000000000000000000172190                    00000000000000000000000                                          00010     0          
0330002300014B   207561404000101ROD BR 304 LOTES 5 E 6 QUADRA S N                 DISTRITO INDUSTMACAIBA             59280000RN08062020000000000172190000000000000000000000000000000000000000000000000000000000000               0000000        
0330002300015A0000180010225600000000350001 J K IND PANIFICACAO LTDA EPP  1400331456          08062020BRL000000000000000000000002966145                    00000000000000000000000                                          00010     0          
0330002300016B   201318867000152RODOVIA BR 304 KM 3           S N                 DISTRITO INDUSTMACAIBA             59280000RN08062020000000002966145000000000000000000000000000000000000000000000000000000000000               0000000        
0330002300017A0000180010225780000000125970 AGRICOLA QDELICIA FRUTAS LTDA 1400330961          08062020BRL000000000000000000000001924994                    00000000000000000000000                                          00010     0          
0330002300018B   209104065000151SITIO FORTALEZA               SN                  CHA DO ESQUECIDSAO VICENTE FERRER  55860000PE08062020000000001924994000000000000000000000000000000000000000000000000000000000000               0000000        
0330002300019A0000180010231800000000235580 JOSE LEONALDO DE PAIVA - ME   1400331453          08062020BRL000000000000000000000000603024                    00000000000000000000000                                          00010     0          
0330002300020B   212065921000111RUA SEVERINO BERNARDO FILHO   10                  COBE           VERA CRUZ           59184000RN08062020000000000603024000000000000000000000000000000000000000000000000000000000000               0000000        
0330002300021A0000180010241400000000011479 MNS COM DE PROD AGROPECUARIOS 1400331463          08062020BRL000000000000000000000001553859                    00000000000000000000000                                          00010     0          
0330002300022B   200248877000104AVENIDA MIGUEL PETRERE        777                 CAMPO GRANDE   PILAR DO SUL        18185000SP08062020000000001553859000000000000000000000000000000000000000000000000000000000000               0000000        
0330002300023A0000180010262300000000263567 COMERCIAL DO TRIGO LTDA       1400331432          08062020BRL000000000000000000000001834156                    00000000000000000000000                                          00010     0          
0330002300024B   205728108000119AVENIDA DR JOAO MEDEIROS FILHO3905                REDINHA        NATAL               59108120RN08062020000000001834156000000000000000000000000000000000000000000000000000000000000               0000000        
0330002300025A0000180010287000000000010359 G J DE MEDEIROS               1400331443          08062020BRL000000000000000000000000960570                    00000000000000000000000                                          00010     0          
0330002300026B   209110388000158AVENIDA CAPITAO MOR GOUVEIA   S N                 LAGOA NOVA     NATAL               59060400RN08062020000000000960570000000000000000000000000000000000000000000000000000000000000               0000000        
0330002300027A0000180010287010000001295462 G J DE MEDEIROS               1400331489          08062020BRL000000000000000000000003866764                    00000000000000000000000                                          00010     0          
0330002300028B   209110388000409AV INTERVENTOR MARIO CAMARA   4380                CIDADE DA ESPERNATAL               59070600RN08062020000000003866764000000000000000000000000000000000000000000000000000000000000               0000000        
0330002300029A0000180010330700000000149497 GOIASMINAS INDUSTRIA DE LATICI1400331444          08062020BRL000000000000000000000006019042                    00000000000000000000000                                          00010     0          
0330002300030B   201257995000133RODOVIA GO 139                S N                 SETOR INDUSTRIACORUMBAIBA          75680000GO08062020000000006019042000000000000000000000000000000000000000000000000000000000000               0000000        
0330002300031A0000180010343300000001108255 INTERLANDIA LTDA              1400331451          08062020BRL000000000000000000000001485188                    00000000000000000000000                                          00010     0          
0330002300032B   210782639000120RUA GENERAL ABREU E LIMA      112                 PRAZERES       JABOATAO DOS GUARARA54400410PE08062020000000001485188000000000000000000000000000000000000000000000000000000000000               0000000        
0330002300033A0000180010343300000000035939 USINA CENTRAL OLHO D'AGUA S/A 1400331475          08062020BRL000000000000000000000002590000                    00000000000000000000000                                          00010     0          
0330002300034B   211797222000101LOCALIDADE USINA OLHO DAGUA   SN                  ZONA RURAL     CAMUTANGA           55930000PE08062020000000002590000000000000000000000000000000000000000000000000000000000000000               0000000        
0330002300035A0000180010343400000000550868 CBL ALIMENTOS S/A             1400331427          08062020BRL000000000000000000000006767496                    00000000000000000000000                                          00010     0          
0330002300036B   210483444000189R CARLOS CAMARA               1454                PLANALTO AEROPRFORTALEZA           60020150CE08062020000000006767496000000000000000000000000000000000000000000000000000000000000               0000000        
0330002300037A0000180010343400000000550868 CBL ALIMENTOS S/A             1400331428          08062020BRL000000000000000000000002952789                    00000000000000000000000                                          00010     0          
0330002300038B   210483444000189R CARLOS CAMARA               1454                EMAUS          FORTALEZA           60020150CE08062020000000002952789000000000000000000000000000000000000000000000000000000000000               0000000        
0330002300039A0000180010351500000000154962 SUCRE INDUSTRIA E COM DE ALIM 1400331487          08062020BRL000000000000000000000001418715                    00000000000000000000000                                          00010     0          
0330002300040B   209088425000411RUA CHICO LEMOS               547                 CIDADE DOS FUNCFORTALEZA           60822785CE08062020000000001418715000000000000000000000000000000000000000000000000000000000000               0000000        
0330002300041A0000180010352500000000083666 H C DE ARAUJO LUIZ ME         1400331447          08062020BRL000000000000000000000000193475                    00000000000000000000000                                          00010     0          
0330002300042B   204057026000127RUA VEREADOR JOSE SOTERO      956                 ALECRIM        NATAL               59040050RN08062020000000000193475000000000000000000000000000000000000000000000000000000000000               0000000        
0330002300043A0000180010377700000000010502 MANOEL JOSE DA SOUZA ME       1400331458          08062020BRL000000000000000000000001380392                    00000000000000000000000                                          00010     0          
0330002300044B   211938925000102AVENIDA CAPITAOMOR GOUVEIA    S N                 LAGOA NOVA     NATAL               59063400RN08062020000000001380392000000000000000000000000000000000000000000000000000000000000               0000000        
0330002300045A0000180010377700000000013080 MFS FREITAS HORTIFRUTIGRANJEIR1400331462          08062020BRL000000000000000000000000207025                    00000000000000000000000                                          00010     0          
0330002300046B   201230500000182AVENIDA CAPITAOMOR GOUVEIACEASS N                 LAGOA NOVA     NATAL               59070400RN08062020000000000207025000000000000000000000000000000000000000000000000000000000000               0000000        
0330002300047A0000180010377700000000157937 DEUZIMAR BATISTA DE MEDEIROS E1400331437          08062020BRL000000000000000000000000365628                    00000000000000000000000                                          00010     0          
0330002300048B   210716322000195AVENIDA CAPITAOMOR GOUVEIA    S N                 LAGOA NOVA     NATAL               59076400RN08062020000000000365628000000000000000000000000000000000000000000000000000000000000               0000000        
0330002300049A0000180010377700000000417050 FAZENDA LITORAL VERDE EIRELI M1400331439          08062020BRL000000000000000000000000066303                    00000000000000000000000                                          00010     0          
0330002300050B   224681887000199AVENIDA DO SOL                3420                CANDELARIA     NATAL               59065600RN08062020000000000066303000000000000000000000000000000000000000000000000000000000000               0000000        
0330002300051A0000180010436100000001094270 STER BOM IND E COM LTDA       1400331472          08062020BRL000000000000000000000004438743                    00000000000000000000000                                          00010     0          
0330002300052B   203066662000152RODOVIA BR 304 KM 305         S N                 DISTRITO INDUSTPARNAMIRIM          59146750RN08062020000000004438743000000000000000000000000000000000000000000000000000000000000               0000000        
0330002300053A0000180010808200000000216380 PANIFICADORA SAO MIGUEL LTDA -1400331465          08062020BRL000000000000000000000000577314                    00000000000000000000000                                          00010     0          
0330002300054B   209374422000282RUA HIDROGRAFO VITAL DE OLIVEI199                 NOSSA SENHORA DNATAL               59062240RN08062020000000000577314000000000000000000000000000000000000000000000000000000000000               0000000        
0330002300055A0000181040204400000000036650 BASSANO IND DE ALIMENTOS LTDA 1400330963          08062020BRL000000000000000000000000183412                    00000000000000000000000                                          00010     0          
0330002300056B   219095336000103RUA PROJETADA                 SN                  PIRANGI DO SUL NISIA FLORESTA      59164000RN08062020000000000183412000000000000000000000000000000000000000000000000000000000000               0000000        
0330002300057A0000181040488800000000007085 CVB COM E REP HORTIFRUT EIRELI1400331436          08062020BRL000000000000000000000000053959                    00000000000000000000000                                          00010     0          
0330002300058B   227369760000127RUA JOSEFA ALVES DA SILVA     10                  CAJUPIRANGA    PARNAMIRIM          59157196RN08062020000000000053959000000000000000000000000000000000000000000000000000000000000               0000000        
0330002300059A0000182120000100000000512933 FLORA DIST PROD DE HIGIENE  E 1400331442          08062020BRL000000000000000000000009269010                    00000000000000000000000                                          00010     0          
0330002300060B   208505736000123RODOVIA BR 040 KM 22          S N                 ZONA RURAL     LUZIANIA            72800000GO08062020000000009269010000000000000000000000000000000000000000000000000000000000000               0000000        
0330002300061A0000182370021800000000097799 PF COM FRUTAS EM GERAL LTDA ME1400331466          08062020BRL000000000000000000000000760410                    00000000000000000000000                                          00010     0          
0330002300062B   208222248000109RUA PRIMEIRO DE JANEIRO       81                  CENTRO         PEDRAS DE FOGO      58328000PB08062020000000000760410000000000000000000000000000000000000000000000000000000000000               0000000        
0330002300063A0000182370032100000001496204 D D GASPAR FABRICACAO DE AGUA 1400331480          08062020BRL000000000000000000000000477737                    00000000000000000000000                                          00010     0          
0330002300064B   204983035000149LAGOA MARGEM DA LAGOA DE EXTRES N                 ZONA RURAL     EXTREMOZ            59575500RN08062020000000000477737000000000000000000000000000000000000000000000000000000000000               0000000        
0330002300065A0000182370042400000000474002 IREKS DO BRASIL S/A           1400331452          08062020BRL000000000000000000000016304944                    00000000000000000000000                                          00010     0          
0330002300066B   205098928000174AVENIDA PARANA                200                 ENTRE RIOS     GUARAPUAVA          85055250PR08062020000000016304944000000000000000000000000000000000000000000000000000000000000               0000000        
0330002300067A0000182370110200000000215597 CHAVES E MELO LTDA EPP        1400331429          08062020BRL000000000000000000000000515040                    00000000000000000000000                                          00010     0          
0330002300068B   208395436000139AVENIDA ALBERTO MARANHAO      775                 ALTO DA CONCEICMOSSORO             59600315RN08062020000000000515040000000000000000000000000000000000000000000000000000000000000               0000000        
0330002300069A0000182370178100000000193178 MONICA GADELHA DOS REIS       1400331479          08062020BRL000000000000000000000000526500                    00000000000000000000000                                          00010     0          
0330002300070B   228521286000170SITIO DANCAS S N                                  SITIO DANTAS   LIMOEIRO DO NORTE   62930000CE08062020000000000526500000000000000000000000000000000000000000000000000000000000000               0000000        
0330002300071A0000182370201100000000375500 EMBARE INDUSTRIAS ALIMENTICIAS1400331484          08062020BRL000000000000000000000020188000                    00000000000000000000000                                          00010     0          
0330002300072B   221992946007326RUA PROJETADA                                     DISTRITO INDUSTMACAIBA             59280000RN08062020000000020188000000000000000000000000000000000000000000000000000000000000000               0000000        
0330002300073A0000182370236400000000095001 FACEPA FABRICA PAPEL AMAZONIA 1400331438          08062020BRL000000000000000000000002018021                    00000000000000000000000                                          00010     0          
0330002300074B   204909479000134PASSAGEM TRES DE OUTUBRO      536                 DISTRITO INDUSTBELEM               66123640PA08062020000000002018021000000000000000000000000000000000000000000000000000000000000               0000000        
0330002300075A0000182370236700000000111228 ROMA NATAL DIST PROD ALIM LTDA1400331470          08062020BRL000000000000000000000000055873                    00000000000000000000000                                          00010     0          
0330002300076B   212760995000178RUA IGUASSU                   198                 EMAUS          PARNAMIRIM          59149100RN08062020000000000055873000000000000000000000000000000000000000000000000000000000000               0000000        
0330002300077A0000182370237200000000976512 LACTALIS DO BRASIL            1400331454          08062020BRL000000000000000000000014774400                    00000000000000000000000                                          00010     0          
0330002300078B   214049467000130RUA PEREIRA FRANCO            333                 ZONA RURAL     PORTO ALEGRE        90240520RS08062020000000014774400000000000000000000000000000000000000000000000000000000000000               0000000        
0330002300079A0000182370263200000000309656 SIDORE IND. E COM. DE REFRIGER1400331471          08062020BRL000000000000000000000001136994                    00000000000000000000000                                          00010     0          
0330002300080B   201115454000170RODOVIA BR 304                S N                 INDUSTRIAL     PARNAMIRIM          59150000RN08062020000000001136994000000000000000000000000000000000000000000000000000000000000               0000000        
0330002300081A0000182370265650000000061093 CREMER S.A                    1400331434          08062020BRL000000000000000000000002691200                    00000000000000000000000                                          00010     0          
0330002300082B   282641325000118RODOVIA VICEPREFEITO HERMENEGI300                 PRAZERES       JUNDIAI             13213086SP08062020000000002691200000000000000000000000000000000000000000000000000000000000000               0000000        
0330002300083A0000182370296000000000054143 MAURICEA ALIMENTOS DO NORDESTE1400331461          08062020BRL000000000000000000000001717815                    00000000000000000000000                                          00010     0          
0330002300084B   212819074000133RODOVIA BR 408                S N                 LAGOA NOVA     NAZARE DA MATA      55800000PE08062020000000001717815000000000000000000000000000000000000000000000000000000000000               0000000        
0330002300085A0000182370349300000000466476 ZD ALIMENTOS S/A              1400331476          08062020BRL000000000000000000000001366972                    00000000000000000000000                                          00010     0          
0330002300086B   256073307000177AVENIDA ANTONIETA ALTENFELDER 705                 TABULEIRO DO MAMARILIA             17512130SP08062020000000001366972000000000000000000000000000000000000000000000000000000000000               0000000        
0330002300087A0000182370715100000000238627 ADRIANO DANTAS CAVALCANTE     1400331488          08062020BRL000000000000000000000000069353                    00000000000000000000000                                          00010     0          
0330002300088B   232484409000117RUA CONSELHEIRO LAFAIETE      2905                NEOPOLIS       NATAL               59084250RN08062020000000000069353000000000000000000000000000000000000000000000000000000000000               0000000        
0330002300089A0000183410005600000000188816 INTERFOOD IMPORTACAO LTDA     1400331450          08062020BRL000000000000000000000009541854                    00000000000000000000000                                          00010     0          
0330002300090B   236357994000145RUA CACIQUE TIBIRICA          320                 PAULICEIA      SAO BERNARDO DO CAMP09651050SP08062020000000009541854000000000000000000000000000000000000000000000000000000000000               0000000        
0330002300091A0000183410025700000000578195 CRIA SIM PRODUTOS DE HIGIENE L1400331435          08062020BRL000000000000000000000000972460                    00000000000000000000000                                          00010     0          
0330002300092B   205975111000137AVENIDA PRESTES MAIA          831                 JARDIM DAS NACODIADEMA             09930270SP08062020000000000972460000000000000000000000000000000000000000000000000000000000000               0000000        
0330002300093A0000183410037200000000160515 FAZENDA SANTA TEREZINHA       1400331440          08062020BRL000000000000000000000000202500                    00000000000000000000000                                          00010     0          
0330002300094B   201778112000130RODOVIA BR 101                SN                  ZONA RURAL     MAMANGUAPE          58280000PB08062020000000000202500000000000000000000000000000000000000000000000000000000000000               0000000        
0330002300095A0000183410062300000000650397 ZINHO IND. E COM.             1400331483          08062020BRL000000000000000000000001142326                    00000000000000000000000                                          00010     0          
0330002300096B   206268413000138RUA MARCELO PINTO DE MORAES   105                 PARQUE IND AVELRIBEIRAO PRETO      14077440SP08062020000000001142326000000000000000000000000000000000000000000000000000000000000               0000000        
0330002300097A0000183410065400000000422252 BRASSOL BRASILIA ALIM SORVET L1400330964          08062020BRL000000000000000000000001392792                    00000000000000000000000                                          00010     0          
0330002300098B   237056132000145SETOR STRCSUL TRECHO 01       S N                 GUARA          BRASILIA            71225511DF08062020000000001392792000000000000000000000000000000000000000000000000000000000000               0000000        
0330002300099A0000183410091000000000019298 BIMBO DO BRASIL LTDA          1400331478          08062020BRL000000000000000000000002136949                    00000000000000000000000                                          00010     0          
0330002300100B   235402759000185R ERICO VERISSIMO             342                 MONTE CASTELO  SAO PAULO           05560900SP08062020000000002136949000000000000000000000000000000000000000000000000000000000000               0000000        
0330002300101A0000183410133900000000081885 A AUGUSTA DA SILVA ME         1400331485          08062020BRL000000000000000000000000223944                    00000000000000000000000                                          00010     0          
0330002300102B   221221896000109R SANTA CLARA                 273                 F CAMARAO      NATAL               59072470RN08062020000000000223944000000000000000000000000000000000000000000000000000000000000               0000000        
0330002300103A0000183410140300000000309394 LATICINIOS SAO VICENTE MINAS L1400331455          08062020BRL000000000000000000000000221105                    00000000000000000000000                                          00010     0          
0330002300104B   286454741000168RODOVIA SAO VICENTE E MINAS   SN                  ROSARIO        SAO VICENTE DE MINAS37370000MG08062020000000000221105000000000000000000000000000000000000000000000000000000000000               0000000        
0330002300105A0000183410317500000000145071 ASA INDUSTRIA E COMERCIO LTDA 1400330962          08062020BRL000000000000000000000002210208                    00000000000000000000000                                          00010     0          
0330002300106B   201551272000142RUA DA PAZ                    82                  SAO JOSE       RECIFE              50770000PE08062020000000002210208000000000000000000000000000000000000000000000000000000000000               0000000        
0330002300107A0000183410480700000000399839 CLESS COMERCIO DE COSMETICOS S1400331430          08062020BRL000000000000000000000000938031                    00000000000000000000000                                          00010     0          
0330002300108B   206034119000404RODOVIA BR 101                SN                  CENTRO         CONDE               58322000PB08062020000000000938031000000000000000000000000000000000000000000000000000000000000               0000000        
0330002300109A0000183410606600000000196350 INDUSTRIAS REUNIDAS RAYMUNDO D1400331448          08062020BRL000000000000000000000008681324                    00000000000000000000000                                          00010     0          
0330002300110B   211507415000172RODOVIA PE15                  S N                 TORRES GALVAO  PAULISTA            53417690PE08062020000000008681324000000000000000000000000000000000000000000000000000000000000               0000000        
0330002300111A00001834106326 0000000067714 NORTE SALINEIRA S/A IND E COME1400331464          08062020BRL000000000000000000000000768135                    00000000000000000000000                                          00010     0          
0330002300112B   208249021001129RODOVIA BR 110                S N                 ZONA SUBURBANA AREIA BRANCA        59655000RN08062020000000000768135000000000000000000000000000000000000000000000000000000000000               0000000        
0330002300113A0000183410918900000000084446 TRF DE MEDEIROS COM ATAC EIREL1400331474          08062020BRL000000000000000000000005328240                    00000000000000000000000                                          00010     0          
0330002300114B   217072839000138RUA RIO PIRANHAS              1255                EMAUS          PARNAMIRIM          59149140RN08062020000000005328240000000000000000000000000000000000000000000000000000000000000               0000000        
0330002300115A0000183410931400000000179814 MARIA LUIZA BORGES - ME       1400331459          08062020BRL000000000000000000000000491700                    00000000000000000000000                                          00010     0          
0330002300116B   203450575000102RUA DO MOTOR 487 A            487 A               PRAIA DO MEIO  NATAL               59010090RN08062020000000000491700000000000000000000000000000000000000000000000000000000000000               0000000        
0330002300117A0000187070000100000007176017 GUARAVES ALIMENTOS LTDA       1400331445          08062020BRL000000000000000000000000339740                    00000000000000000000000                                          00010     0          
0330002300118B   212727145000178LOC SITIO SANTIAGO            S N                 FELIPE CAMARAO GUARABIRA           58200000PB08062020000000000339740000000000000000000000000000000000000000000000000000000000000               0000000        
0330002300119A0000187070000100000007176017 GUARAVES ALIMENTOS LTDA       1400331446          08062020BRL000000000000000000000012926477                    00000000000000000000000                                          00010     0          
0330002300120B   212727145000178LOC SITIO SANTIAGO            S N                 ZONA RURAL     GUARABIRA           58200000PB08062020000000012926477000000000000000000000000000000000000000000000000000000000000               0000000        
0330002300121A0000187070000100000007209020 COM DE LATICINIOS DE NATAL LTD1400331431          08062020BRL000000000000000000000000658449                    00000000000000000000000                                          00010     0          
0330002300122B   270322490000128RUA TENENTE PETROLINO DIOGO   251                 QUINTAS        NATAL               59060110RN08062020000000000658449000000000000000000000000000000000000000000000000000000000000               0000000        
0330002300123A0000187070000100000007329972 PRODUTOS LUCENA EIRELI ME     1400331468          08062020BRL000000000000000000000001184894                    00000000000000000000000                                          00010     0          
0330002300124B   201753639000100RUA AGNALDO GURGEL JUNIOR     10                  CANDELARIA     NATAL               59066030RN08062020000000001184894000000000000000000000000000000000000000000000000000000000000               0000000        
0330002300125A0000187450000100000001476025 POLENGHI IND ALIMENICIAS LTDA 1400331467          08062020BRL000000000000000000000001550086                    00000000000000000000000                                          00010     0          
0330002300126B   224949232000159RUA DR FERNANDES COELHO 10O AN64                  PARQUE SANTA FESAO PAULO           05423040SP08062020000000001550086000000000000000000000000000000000000000000000000000000000000               0000000        
0330002300127A0000187480220700000000068110 RAIMUNDO NONATO BANDEIRA E SIL1400331469          08062020BRL000000000000000000000001580482                    00000000000000000000000                                          00010     0          
0330002300128B   210700821000194RUA NOSSA SENHORA DA GLORIA   321                 BOM PASTOR     NATAL               59060290RN08062020000000001580482000000000000000000000000000000000000000000000000000000000000               0000000        
03300025         000130000000000177056333                                                                                                                                                                                                       
03399999         000002000144000000                                                                                                                                                                                                             
