03300000         208030363000181003300800049025262470008090000130026410 SUPERMERCADO NORDESTAO LTDA   BANCO SANTANDER S.A                     12905202012183902382008900000                    0002382015                                       
03300011C2001045 208030363000181003300800049025262470008090000130026410 SUPERMERCADO NORDESTAO LTDA                                           RODOVIA BR 304                00000               PARNAMIRIM          59146750RN                  
0330001300001A0000000330466700000130035126 CORDEIRO PATRIOTA LTDA        1400330016          01062020BRL000000000000000000000001621205                    00000000000000000000000                                                    0          
0330001300002B   228346011000147ROD RN 064                    SN                  ZONA RURAL     SAO PEDRO           59480000RN01062020000000001621205000000000000000000000000000000000000000000000000000000000000               0000000        
03300015         000004000000000001621205000000000000000000                                                                                                                                                                                     
03300021C2041045 208030363000181003300800049025262470008090000130026410 SUPERMERCADO NORDESTAO LTDA                                           RODOVIA BR 304                00000               PARNAMIRIM          59146750RN                  
0330002300001A0000180010006900000000757284 CAPPELLARO&CAPPELLARO COM DE F1400329976          01062020BRL000000000000000000000001127864                    00000000000000000000000                                          00010     0          
0330002300002B   218519610000161LOTEAMENTO PROJETO SENADOR NIL1276                ZONA RURAL     PETROLINA           56300000PE01062020000000001127864000000000000000000000000000000000000000000000000000000000000               0000000        
0330002300003A0000180010006900000000830305 CAPP COMERCIAL DE FRUTAS LTDA 1400329975          01062020BRL000000000000000000000004300433                    00000000000000000000000                                          00010     0          
0330002300004B   222842438000150A PROJETO SENADOR NIL SN LOTE                     ZONA RURAL DE PPETROLINA           56334899PE01062020000000004300433000000000000000000000000000000000000000000000000000000000000               0000000        
0330002300005A0000180010183600000001103911 COMERCIAL HORTI FRIOS LTDA    1400330013          01062020BRL000000000000000000000000950159                    00000000000000000000000                                          00010     0          
0330002300006B   240843179000163RODOVIA BR 101 SUL            550                 CURADO         RECIFE              50790900PE01062020000000000950159000000000000000000000000000000000000000000000000000000000000               0000000        
0330002300007A0000180010191200000004029526 BOMBRIL S/A                   1400325004          01062020BRL000000000000000000000006036551                    00000000000000000000000                                          00010     0          
0330002300008B   250564053000103V ANCHIETA                    SN                  ZONA INDUSTRIALS BERNARDO DO CAMPO 09696005SP01062020000000006036551000000000000000000000000000000000000000000000000000000000000               0000000        
0330002300009A0000180010225600000000350001 J K IND PANIFICACAO LTDA EPP  1400329994          01062020BRL000000000000000000000000276863                    00000000000000000000000                                          00010     0          
0330002300010B   201318867000152RODOVIA BR 304 KM 3           S N                 DISTRITO INDUSTMACAIBA             59280000RN01062020000000000276863000000000000000000000000000000000000000000000000000000000000               0000000        
0330002300011A0000180010225780000000125970 AGRICOLA QDELICIA FRUTAS LTDA 1400325002          01062020BRL000000000000000000000002063619                    00000000000000000000000                                          00010     0          
0330002300012B   209104065000151SITIO FORTALEZA               SN                  CHA DO ESQUECIDSAO VICENTE FERRER  55860000PE01062020000000002063619000000000000000000000000000000000000000000000000000000000000               0000000        
0330002300013A0000180010231800000000235580 JOSE LEONALDO DE PAIVA - ME   1400329993          01062020BRL000000000000000000000000432670                    00000000000000000000000                                          00010     0          
0330002300014B   212065921000111RUA SEVERINO BERNARDO FILHO   10                  COBE           VERA CRUZ           59184000RN01062020000000000432670000000000000000000000000000000000000000000000000000000000000               0000000        
0330002300015A0000180010262300000000263567 COMERCIAL DO TRIGO LTDA       1400329979          01062020BRL000000000000000000000000245000                    00000000000000000000000                                          00010     0          
0330002300016B   205728108000119AVENIDA DR JOAO MEDEIROS FILHO3905                REDINHA        NATAL               59108120RN01062020000000000245000000000000000000000000000000000000000000000000000000000000000               0000000        
0330002300017A0000180010287000000000010359 G J DE MEDEIROS               1400329986          01062020BRL000000000000000000000000698012                    00000000000000000000000                                          00010     0          
0330002300018B   209110388000158AVENIDA CAPITAO MOR GOUVEIA   S N                 LAGOA NOVA     NATAL               59060400RN01062020000000000698012000000000000000000000000000000000000000000000000000000000000               0000000        
0330002300019A0000180010287010000001295462 G J DE MEDEIROS               1400330020          01062020BRL000000000000000000000002987554                    00000000000000000000000                                          00010     0          
0330002300020B   209110388000409AV INTERVENTOR MARIO CAMARA   4380                CIDADE DA ESPERNATAL               59070600RN01062020000000002987554000000000000000000000000000000000000000000000000000000000000               0000000        
0330002300021A0000180010343400000000550868 CBL ALIMENTOS S/A             1400329977          01062020BRL000000000000000000000003086268                    00000000000000000000000                                          00010     0          
0330002300022B   210483444000189R CARLOS CAMARA               1454                EMAUS          FORTALEZA           60020150CE01062020000000003086268000000000000000000000000000000000000000000000000000000000000               0000000        
0330002300023A0000180010369800000000141640 DOCES DANTAS LTDA             1400329982          01062020BRL000000000000000000000001517956                    00000000000000000000000                                          00010     0          
0330002300024B   212649349000138RUA PEDRA BRANCA              1118                LOT SANTAREM PONATAL               59111020RN01062020000000001517956000000000000000000000000000000000000000000000000000000000000               0000000        
0330002300025A0000180010377700000000010502 MANOEL JOSE DA SOUZA ME       1400329995          01062020BRL000000000000000000000000542724                    00000000000000000000000                                          00010     0          
0330002300026B   211938925000102AVENIDA CAPITAOMOR GOUVEIA    S N                 LAGOA NOVA     NATAL               59063400RN01062020000000000542724000000000000000000000000000000000000000000000000000000000000               0000000        
0330002300027A0000180010377700000000013080 MFS FREITAS HORTIFRUTIGRANJEIR1400329997          01062020BRL000000000000000000000000090540                    00000000000000000000000                                          00010     0          
0330002300028B   201230500000182AVENIDA CAPITAOMOR GOUVEIACEASS N                 LAGOA NOVA     NATAL               59070400RN01062020000000000090540000000000000000000000000000000000000000000000000000000000000               0000000        
0330002300029A0000180010377700000000157937 DEUZIMAR BATISTA DE MEDEIROS E1400329981          01062020BRL000000000000000000000000292678                    00000000000000000000000                                          00010     0          
0330002300030B   210716322000195AVENIDA CAPITAOMOR GOUVEIA    S N                 LAGOA NOVA     NATAL               59076400RN01062020000000000292678000000000000000000000000000000000000000000000000000000000000               0000000        
0330002300031A0000180010377700000000417050 FAZENDA LITORAL VERDE EIRELI M1400329984          01062020BRL000000000000000000000000084510                    00000000000000000000000                                          00010     0          
0330002300032B   224681887000199AVENIDA DO SOL                3420                CANDELARIA     NATAL               59065600RN01062020000000000084510000000000000000000000000000000000000000000000000000000000000               0000000        
0330002300033A0000180010436100000001094270 STER BOM IND E COM LTDA       1400330004          01062020BRL000000000000000000000003723246                    00000000000000000000000                                          00010     0          
0330002300034B   203066662000152RODOVIA BR 304 KM 305         S N                 DISTRITO INDUSTPARNAMIRIM          59146750RN01062020000000003723246000000000000000000000000000000000000000000000000000000000000               0000000        
0330002300035A0000180010436100000000058262 INDUSTRIAS BECKER LTDA        1400329991          01062020BRL000000000000000000000000156408                    00000000000000000000000                                          00010     0          
0330002300036B   202216104000163RODOVIA BR 101                S N                 CANADA         SAO JOSE DE MIPIBU  59162000RN01062020000000000156408000000000000000000000000000000000000000000000000000000000000               0000000        
0330002300037A0000180040026600000000001866 SOHUMUS COMERCIAL LTDA ME     1400330003          01062020BRL000000000000000000000000032366                    00000000000000000000000                                          00010     0          
0330002300038B   235307503000199GRANJA OURO PRETO             S N                 ZONA RURAL     EXTREMOZ            59575000RN01062020000000000032366000000000000000000000000000000000000000000000000000000000000               0000000        
0330002300039A0000181040488800000000007085 CVB COM E REP HORTIFRUT EIRELI1400329980          01062020BRL000000000000000000000000134106                    00000000000000000000000                                          00010     0          
0330002300040B   227369760000127RUA JOSEFA ALVES DA SILVA     10                  CAJUPIRANGA    PARNAMIRIM          59157196RN01062020000000000134106000000000000000000000000000000000000000000000000000000000000               0000000        
0330002300041A0000182370021800000000097799 PF COM FRUTAS EM GERAL LTDA ME1400329999          01062020BRL000000000000000000000000948100                    00000000000000000000000                                          00010     0          
0330002300042B   208222248000109RUA PRIMEIRO DE JANEIRO       81                  CENTRO         PEDRAS DE FOGO      58328000PB01062020000000000948100000000000000000000000000000000000000000000000000000000000000               0000000        
0330002300043A0000182370032100000001496204 D D GASPAR FABRICACAO DE AGUA 1400330012          01062020BRL000000000000000000000000705402                    00000000000000000000000                                          00010     0          
0330002300044B   204983035000149LAGOA MARGEM DA LAGOA DE EXTRES N                 ZONA RURAL     EXTREMOZ            59575500RN01062020000000000705402000000000000000000000000000000000000000000000000000000000000               0000000        
0330002300045A0000182370178100000000193178 MONICA GADELHA DOS REIS       1400330011          01062020BRL000000000000000000000000526500                    00000000000000000000000                                          00010     0          
0330002300046B   228521286000170SITIO DANCAS S N                                  SITIO DANTAS   LIMOEIRO DO NORTE   62930000CE01062020000000000526500000000000000000000000000000000000000000000000000000000000000               0000000        
0330002300047A0000182370201100000000200204 ITAMBE ALIMENTOS S/A          1400329992          01062020BRL000000000000000000000000113472                    00000000000000000000000                                          00010     0          
0330002300048B   216849231000104RODOVIA BR 262 KM 403         SN                  SAO GERALDO    PARA DE MINAS       35661390MG01062020000000000113472000000000000000000000000000000000000000000000000000000000000               0000000        
0330002300049A0000182370201100000000375500 EMBARE INDUST E ALIMENTICIAS S1400329983          01062020BRL000000000000000000000005700000                    00000000000000000000000                                          00010     0          
0330002300050B   221992946000151AVENIDA BRASIL                241                 CENTRO         LAGOA DA PRATA      35590000MG01062020000000005700000000000000000000000000000000000000000000000000000000000000000               0000000        
0330002300051A0000182370213400000000063541 SAVOURY IND E COM LTDA ERP    1400330002          01062020BRL000000000000000000000000018218                    00000000000000000000000                                          00010     0          
0330002300052B   208479396000103RUA DESEMBARGADOR TOMAZ SALUST1111                LAGOA NOVA     NATAL               59076770RN01062020000000000018218000000000000000000000000000000000000000000000000000000000000               0000000        
0330002300053A0000182370217300000000616834 FORTEPLAST COM EMBALAGENS LTDA1400329985          01062020BRL000000000000000000000000702750                    00000000000000000000000                                          00010     0          
0330002300054B   201691952000161AVENIDA CAPITAOMOR GOUVEIA    S N                 BOM PASTOR     NATAL               59060400RN01062020000000000702750000000000000000000000000000000000000000000000000000000000000               0000000        
0330002300055A0000182370237200000000338001 HYPERMARCAS S A               1400329988          01062020BRL000000000000000000000009053624                    00000000000000000000000                                          00010     0          
0330002300056B   202932074000191AVENIDA AFONSO PENA           1515                SETOR JARDIM AMGOIANIA             74685020GO01062020000000009053624000000000000000000000000000000000000000000000000000000000000               0000000        
0330002300057A0000182370263200000000003522 TRA DISTRIBUIDORA LOGISTICA LT1400330005          01062020BRL000000000000000000000000373309                    00000000000000000000000                                          00010     0          
0330002300058B   207555419000159RODOVIA BR 304 KM 305         S N                 PARQUE DE EXPOSPARNAMIRIM          59146750RN01062020000000000373309000000000000000000000000000000000000000000000000000000000000               0000000        
0330002300059A0000182370296000000000054143 MAURICEA ALIMENTOS DO NORDESTE1400329996          01062020BRL000000000000000000000001505217                    00000000000000000000000                                          00010     0          
0330002300060B   212819074000133RODOVIA BR 408                S N                 LAGOA NOVA     NAZARE DA MATA      55800000PE01062020000000001505217000000000000000000000000000000000000000000000000000000000000               0000000        
0330002300061A0000182370339300000000002704 IND E COM DE PROD ALIM CEPERA 1400329989          01062020BRL000000000000000000000001659563                    00000000000000000000000                                          00010     0          
0330002300062B   262162243000426RUA PIRACICABA                911                 IBITIRAMA      ITAQUAQUECETUBA     08577290SP01062020000000001659563000000000000000000000000000000000000000000000000000000000000               0000000        
0330002300063A0000182370370800000000035009 NELSON WENDT E CIA LTDA       1400329998          01062020BRL000000000000000000000003841685                    00000000000000000000000                                          00010     0          
0330002300064B   292215763000178AVENIDA FERNANDO OSORIO       2774                GUABIRABA      PELOTAS             96065000RS01062020000000003841685000000000000000000000000000000000000000000000000000000000000               0000000        
0330002300065A0000182370715100000000238627 ADRIANO DANTAS CAVALCANTE     1400330018          01062020BRL000000000000000000000000053680                    00000000000000000000000                                          00010     0          
0330002300066B   232484409000117RUA CONSELHEIRO LAFAIETE      2905                NEOPOLIS       NATAL               59084250RN01062020000000000053680000000000000000000000000000000000000000000000000000000000000               0000000        
0330002300067A0000183410031400000000370008 CERAS JOHNSON LTDA            1400330009          01062020BRL000000000000000000000000121909                    00000000000000000000000                                          00010     0          
0330002300068B   233122466000119AV DAS AMERICAS               500                 TARUMA         RIO DE JANEIRO      22640100RJ01062020000000000121909000000000000000000000000000000000000000000000000000000000000               0000000        
0330002300069A0000183410031400000000370008 CERAS JOHNSON LTDA            1400330010          01062020BRL000000000000000000000009007062                    00000000000000000000000                                          00010     0          
0330002300070B   233122466000119AV DAS AMERICAS               500                 REGIAO SUAPE   RIO DE JANEIRO      22640100RJ01062020000000009007062000000000000000000000000000000000000000000000000000000000000               0000000        
0330002300071A0000183410037200000000001891 USINA MONTE ALEGRE S/A        1400330007          01062020BRL000000000000000000000005164830                    00000000000000000000000                                          00010     0          
0330002300072B   209094632000217FAZENDA MONTE ALEGRE          SN                  ZONA RURAL     MAMANGUAPE          58280000PB01062020000000005164830000000000000000000000000000000000000000000000000000000000000               0000000        
0330002300073A0000183410091000000000019298 BIMBO DO BRASIL LTDA          1400330008          01062020BRL000000000000000000000003504501                    00000000000000000000000                                          00010     0          
0330002300074B   235402759000185R ERICO VERISSIMO             342                 MONTE CASTELO  SAO PAULO           05560900SP01062020000000003504501000000000000000000000000000000000000000000000000000000000000               0000000        
0330002300075A0000183410133900000000081885 A AUGUSTA DA SILVA ME         1400330015          01062020BRL000000000000000000000000199176                    00000000000000000000000                                          00010     0          
0330002300076B   221221896000109R SANTA CLARA                 273                 F CAMARAO      NATAL               59072470RN01062020000000000199176000000000000000000000000000000000000000000000000000000000000               0000000        
0330002300077A0000183410606600000000196350 INDUSTRIAS REUNIDAS RAYMUNDO D1400329990          01062020BRL000000000000000000000002895554                    00000000000000000000000                                          00010     0          
0330002300078B   211507415000172RODOVIA PE15                  S N                 TORRES GALVAO  PAULISTA            53417690PE01062020000000002895554000000000000000000000000000000000000000000000000000000000000               0000000        
0330002300079A0000183410640900000000028765 BIC AMAZONIA S/A              1400325003          01062020BRL000000000000000000000000496209                    00000000000000000000000                                          00010     0          
0330002300080B   204402277000100RUA ICA                       400                 DISTRITO INDUSTMANAUS              69075090AM01062020000000000496209000000000000000000000000000000000000000000000000000000000000               0000000        
0330002300081A0000183410653000000000367876 DELICIA POTIGUAR FECULA EIRELI1400330017          01062020BRL000000000000000000000000220500                    00000000000000000000000                                          00010     0          
0330002300082B   229404459000132FAZENDA PEROBAS               8998                ZONA RURAL     SERRA CAIDA         59243000RN01062020000000000220500000000000000000000000000000000000000000000000000000000000000               0000000        
0330002300083A0000183410891010000000327306 COOPERATIVA CENTRAL AURORA ALI1400330019          01062020BRL000000000000000000000024172280                    00000000000000000000000                                          00010     0          
0330002300084B   283310441009173AV BRIGADEIRO EVERALDO BREVES 1547                CENTRO         PARNAMIRIM          59140200RN01062020000000024172280000000000000000000000000000000000000000000000000000000000000               0000000        
0330002300085A0000183410918900000000084446 TRF DE MEDEIROS COM ATAC EIREL1400330006          01062020BRL000000000000000000000009311385                    00000000000000000000000                                          00010     0          
0330002300086B   217072839000138RUA RIO PIRANHAS              1255                EMAUS          PARNAMIRIM          59149140RN01062020000000009311385000000000000000000000000000000000000000000000000000000000000               0000000        
0330002300087A0000183890021300000020609573 HIDROMINAS SANTA MARIA IND E C1400329987          01062020BRL000000000000000000000000399264                    00000000000000000000000                                          00010     0          
0330002300088B   208418279000130AVENIDA DR LUIZ ANTONIO LINHA S N                 FONTE CAJUPIRANPARNAMIRIM          59150000RN01062020000000000399264000000000000000000000000000000000000000000000000000000000000               0000000        
0330002300089A0000187070000100000007209020 COM DE LATICINIOS DE NATAL LTD1400329978          01062020BRL000000000000000000000002126498                    00000000000000000000000                                          00010     0          
0330002300090B   270322490000128RUA TENENTE PETROLINO DIOGO   251                 QUINTAS        NATAL               59060110RN01062020000000002126498000000000000000000000000000000000000000000000000000000000000               0000000        
0330002300091A0000187070000100000007329972 PRODUTOS LUCENA EIRELI ME     1400330000          01062020BRL000000000000000000000000277681                    00000000000000000000000                                          00010     0          
0330002300092B   201753639000100RUA AGNALDO GURGEL JUNIOR     10                  CANDELARIA     NATAL               59066030RN01062020000000000277681000000000000000000000000000000000000000000000000000000000000               0000000        
0330002300093A0000187480220700000000128708 PRIMALE ALIMENTOS             1400330014          01062020BRL000000000000000000000000485760                    00000000000000000000000                                          00010     0          
0330002300094B   217224667000170RUA CAMARA CASCUDO            45                  PARQUE DE EXPOSPARNAMIRIM          59146460RN01062020000000000485760000000000000000000000000000000000000000000000000000000000000               0000000        
0330002300095A0000187480220700000000068110 RAIMUNDO NONATO BANDEIRA E SIL1400330001          01062020BRL000000000000000000000003102681                    00000000000000000000000                                          00010     0          
0330002300096B   210700821000194RUA NOSSA SENHORA DA GLORIA   321                 BOM PASTOR     NATAL               59060290RN01062020000000003102681000000000000000000000000000000000000000000000000000000000000               0000000        
03300025         000098000000000115466337                                                                                                                                                                                                       
03399999         000002000104000000                                                                                                                                                                                                             
