03300000         208030363000181003300800049025262470008090000130026410 SUPERMERCADO NORDESTAO LTDA   BANCO SANTANDER S.A                     11206202013032102417408900000                    0002417418                                       
03300011C2001045 208030363000181003300800049025262470008090000130026410 SUPERMERCADO NORDESTAO LTDA                                           RODOVIA BR 304                00000               PARNAMIRIM          59146750RN                  
0330001300001A0000000330214700000130000116 USINA PETRIBU SA              1400333707          15062020BRL000000000000000000000006215760                    00000000000000000000000                                                    0          
0330001300002B   210645075000183RODOVIA EST PAULO PETRIBU PE 5SN                  ZONA RURAL     LAGOA DO ITAENGA    55840000PE15062020000000006215760000000000000000000000000000000000000000000000000000000000000               0000000        
0330001300003A000000033040081000130031808  DISTRIBUIDORA DE BEBIDAS DOCE 1400333719          15062020BRL000000000000000000000009858847                    00000000000000000000000                                                    0          
0330001300004B   235456703000103SITIO GADO BRAVO              SN                  ZONA RURAL     LAGOA GRANDE        56395000PE15062020000000009858847000000000000000000000000000000000000000000000000000000000000               0000000        
0330001300005A0000000330415300000130004144 FRIGORIFICO INDL PERNAMBUCANO 1400333709          15062020BRL000000000000000000000000084091                    00000000000000000000000                                                    0          
0330001300006B   201774866000112RODOVIA BR 101 NORTE          SN                  N SRA DA APRESEIGARASSU            53610970PE15062020000000000084091000000000000000000000000000000000000000000000000000000000000               0000000        
0330001300007A0000000330466700000130035126 CORDEIRO PATRIOTA LTDA        1400333715          15062020BRL000000000000000000000001616750                    00000000000000000000000                                                    0          
0330001300008B   228346011000147ROD RN 064                    SN                  ZONA RURAL     SAO PEDRO           59480000RN15062020000000001616750000000000000000000000000000000000000000000000000000000000000               0000000        
03300015         000010000000000017775448000000000000000000                                                                                                                                                                                     
03300021C2041045 208030363000181003300800049025262470008090000130026410 SUPERMERCADO NORDESTAO LTDA                                           RODOVIA BR 304                00000               PARNAMIRIM          59146750RN                  
0330002300001A0000180010108500000000156744 MASSAS JUCURUTU IND PANIF LTDA1400333697          15062020BRL000000000000000000000000119680                    00000000000000000000000                                          00010     0          
0330002300002B   214436874000109RODOVIA RN 118                100                 ZONA RURAL     JUCURUTU            59330000RN15062020000000000119680000000000000000000000000000000000000000000000000000000000000               0000000        
0330002300003A0000180010110600000000057207 IND DE MASSAS REAL SABOR LTDA 1400333694          15062020BRL000000000000000000000000886900                    00000000000000000000000                                          00010     0          
0330002300004B   202767842000107RODOVIA RN 086                351 K               ZONA RURAL     PARELHAS            59360000RN15062020000000000886900000000000000000000000000000000000000000000000000000000000000               0000000        
0330002300005A0000180010124600000000467995 PANIFICADORA ROSAS DOS VENTOS 1400333699          15062020BRL000000000000000000000000126402                    00000000000000000000000                                          00010     0          
0330002300006B   208372435000179RUA MAJOR AFONSO MAGALHAES    67                  PETROPOLIS     NATAL               59014170RN15062020000000000126402000000000000000000000000000000000000000000000000000000000000               0000000        
0330002300007A0000180010183600000001103911 COMERCIAL HORTI FRIOS LTDA    1400333712          15062020BRL000000000000000000000000855645                    00000000000000000000000                                          00010     0          
0330002300008B   240843179000163RODOVIA BR 101 SUL            550                 CURADO         RECIFE              50790900PE15062020000000000855645000000000000000000000000000000000000000000000000000000000000               0000000        
0330002300009A0000180010191200000004029526 BOMBRIL S/A                   1400331801          15062020BRL000000000000000000000000099126                    00000000000000000000000                                          00010     0          
0330002300010B   250564053000103V ANCHIETA                    SN                  ZONA INDUSTRIALS BERNARDO DO CAMPO 09696005SP15062020000000000099126000000000000000000000000000000000000000000000000000000000000               0000000        
0330002300011A0000180010225600000000350001 J K IND PANIFICACAO LTDA EPP  1400333696          15062020BRL000000000000000000000000293549                    00000000000000000000000                                          00010     0          
0330002300012B   201318867000152RODOVIA BR 304 KM 3           S N                 DISTRITO INDUSTMACAIBA             59280000RN15062020000000000293549000000000000000000000000000000000000000000000000000000000000               0000000        
0330002300013A0000180010231800000000235580 JOSE LEONALDO DE PAIVA - ME   1400333695          15062020BRL000000000000000000000000613018                    00000000000000000000000                                          00010     0          
0330002300014B   212065921000111RUA SEVERINO BERNARDO FILHO   10                  COBE           VERA CRUZ           59184000RN15062020000000000613018000000000000000000000000000000000000000000000000000000000000               0000000        
0330002300015A0000180010236500000000010820 NIPPON IND E COM ALIMENTOS LTD1400333698          15062020BRL000000000000000000000000035250                    00000000000000000000000                                          00010     0          
0330002300016B   224093916000363RUA PROJETADA                 SN BR               DISTRITO INDUSTMACAIBA             59280000RN15062020000000000035250000000000000000000000000000000000000000000000000000000000000               0000000        
0330002300017A0000180010262300000000263567 COMERCIAL DO TRIGO LTDA       1400331802          15062020BRL000000000000000000000000355704                    00000000000000000000000                                          00010     0          
0330002300018B   205728108000119AVENIDA DR JOAO MEDEIROS FILHO3905                REDINHA        NATAL               59108120RN15062020000000000355704000000000000000000000000000000000000000000000000000000000000               0000000        
0330002300019A000018001031681000001032445  METALURGICA MOR               1400333716          15062020BRL000000000000000000000001205250                    00000000000000000000000                                          00010     0          
0330002300020B   295422218000906RODOVIA PE05 DISTRITO INDUSTRISN                  TIUMA          SAO LOURENCO DA MATA54737200PE15062020000000001205250000000000000000000000000000000000000000000000000000000000000               0000000        
0330002300021A0000180010330600000000057649 FRANGOS PIONEIRO INDUSTRIA    1400333688          15062020BRL000000000000000000000015715589                    00000000000000000000000                                          00010     0          
0330002300022B   200974731000138ROD PARIGOT DE SOUZA PR 092   SN                  CENTRO         JOAQUIM TAVORA      86455000PR15062020000000015715589000000000000000000000000000000000000000000000000000000000000               0000000        
0330002300023A0000180010330700000000149497 GOIASMINAS INDUSTRIA DE LATICI1400333689          15062020BRL000000000000000000000024454030                    00000000000000000000000                                          00010     0          
0330002300024B   201257995000133RODOVIA GO 139                S N                 SETOR INDUSTRIACORUMBAIBA          75680000GO15062020000000024454030000000000000000000000000000000000000000000000000000000000000               0000000        
0330002300025A0000180010343300000000035939 USINA CENTRAL OLHO D'AGUA S/A 1400333706          15062020BRL000000000000000000000002590000                    00000000000000000000000                                          00010     0          
0330002300026B   211797222000101LOCALIDADE USINA OLHO DAGUA   SN                  ZONA RURAL     CAMUTANGA           55930000PE15062020000000002590000000000000000000000000000000000000000000000000000000000000000               0000000        
0330002300027A0000180010352500000000083666 H C DE ARAUJO LUIZ ME         1400333692          15062020BRL000000000000000000000000152823                    00000000000000000000000                                          00010     0          
0330002300028B   204057026000127RUA VEREADOR JOSE SOTERO      956                 ALECRIM        NATAL               59040050RN15062020000000000152823000000000000000000000000000000000000000000000000000000000000               0000000        
0330002300029A0000180010369800000000141640 DOCES DANTAS LTDA             1400331804          15062020BRL000000000000000000000000080703                    00000000000000000000000                                          00010     0          
0330002300030B   212649349000138RUA PEDRA BRANCA              1118                LOT SANTAREM PONATAL               59111020RN15062020000000000080703000000000000000000000000000000000000000000000000000000000000               0000000        
0330002300031A0000180010377700000000417050 FAZENDA LITORAL VERDE EIRELI M1400333686          15062020BRL000000000000000000000000086544                    00000000000000000000000                                          00010     0          
0330002300032B   224681887000199AVENIDA DO SOL                3420                CANDELARIA     NATAL               59065600RN15062020000000000086544000000000000000000000000000000000000000000000000000000000000               0000000        
0330002300033A0000180040021500000000173112 D P B AVICULTURA COM VAREJ OVO1400333718          15062020BRL000000000000000000000001016640                    00000000000000000000000                                          00010     0          
0330002300034B   208148596000345RODOVIA RN 160                S N                 DISTRITO DE CANMACAIBA             59280000RN15062020000000001016640000000000000000000000000000000000000000000000000000000000000               0000000        
0330002300035A0000180410013000000600046700 COOP VINICOLA AURORA LTDA     1400331803          15062020BRL000000000000000000000009606895                    00000000000000000000000                                          00010     0          
0330002300036B   287547188000170RUA OLAVO BILAC               500                 CIDADE ALTA    BENTO GONCALVES     95700000RS15062020000000009606895000000000000000000000000000000000000000000000000000000000000               0000000        
0330002300037A0000181040424900000000000698 ESTAR BEM COM ATACADISTA ALIM 1400333685          15062020BRL000000000000000000000000490688                    00000000000000000000000                                          00010     0          
0330002300038B   210564721000188RUA SENADOR GEORGINO AVELINO  451                 MONTE CASTELO  PARNAMIRIM          59146150RN15062020000000000490688000000000000000000000000000000000000000000000000000000000000               0000000        
0330002300039A0000182370178100000000193178 MONICA GADELHA DOS REIS       1400333711          15062020BRL000000000000000000000000526500                    00000000000000000000000                                          00010     0          
0330002300040B   228521286000170SITIO DANCAS S N                                  SITIO DANTAS   LIMOEIRO DO NORTE   62930000CE15062020000000000526500000000000000000000000000000000000000000000000000000000000000               0000000        
0330002300041A0000182370213400000000063541 SAVOURY IND E COM LTDA ERP    1400333702          15062020BRL000000000000000000000000184089                    00000000000000000000000                                          00010     0          
0330002300042B   208479396000103RUA DESEMBARGADOR TOMAZ SALUST1111                LAGOA NOVA     NATAL               59076770RN15062020000000000184089000000000000000000000000000000000000000000000000000000000000               0000000        
0330002300043A0000182370263200000000003522 TRA DISTRIBUIDORA LOGISTICA LT1400333704          15062020BRL000000000000000000000001437812                    00000000000000000000000                                          00010     0          
0330002300044B   207555419000159RODOVIA BR 304 KM 305         S N                 PARQUE DE EXPOSPARNAMIRIM          59146750RN15062020000000001437812000000000000000000000000000000000000000000000000000000000000               0000000        
0330002300045A0000182370265700000000007285 FIRST S A                     1400333687          15062020BRL000000000000000000000003956571                    00000000000000000000000                                          00010     0          
0330002300046B   200802235000105AV IBIRAPUERA                 2332                CIDADE UNIVERSISAO PAULO           04028002SP15062020000000003956571000000000000000000000000000000000000000000000000000000000000               0000000        
0330002300047A0000182370364500000000104507 VALE FERTIL IND ALIMENTICIAS L1400333708          15062020BRL000000000000000000000000736734                    00000000000000000000000                                          00010     0          
0330002300048B   284869593000621RODOVIA BR 101 SUL            SN                  MURIBECA       JABOATAO DOS GUARARA54355010PE15062020000000000736734000000000000000000000000000000000000000000000000000000000000               0000000        
0330002300049A0000182370715100000000238627 ADRIANO DANTAS CAVALCANTE     1400333717          15062020BRL000000000000000000000000110763                    00000000000000000000000                                          00010     0          
0330002300050B   232484409000117RUA CONSELHEIRO LAFAIETE      2905                NEOPOLIS       NATAL               59084250RN15062020000000000110763000000000000000000000000000000000000000000000000000000000000               0000000        
0330002300051A0000183410091000000000019298 BIMBO DO BRASIL LTDA          1400333710          15062020BRL000000000000000000000001017162                    00000000000000000000000                                          00010     0          
0330002300052B   235402759000185R ERICO VERISSIMO             342                 MONTE CASTELO  SAO PAULO           05560900SP15062020000000001017162000000000000000000000000000000000000000000000000000000000000               0000000        
0330002300053A0000183410133900000000081885 A AUGUSTA DA SILVA ME         1400333714          15062020BRL000000000000000000000000165912                    00000000000000000000000                                          00010     0          
0330002300054B   221221896000109R SANTA CLARA                 273                 F CAMARAO      NATAL               59072470RN15062020000000000165912000000000000000000000000000000000000000000000000000000000000               0000000        
0330002300055A0000183410918900000000084446 TRF DE MEDEIROS COM ATAC EIREL1400333705          15062020BRL000000000000000000000008226959                    00000000000000000000000                                          00010     0          
0330002300056B   217072839000138RUA RIO PIRANHAS              1255                EMAUS          PARNAMIRIM          59149140RN15062020000000008226959000000000000000000000000000000000000000000000000000000000000               0000000        
0330002300057A0000183890021300000020609573 HIDROMINAS SANTA MARIA IND E C1400333693          15062020BRL000000000000000000000000284741                    00000000000000000000000                                          00010     0          
0330002300058B   208418279000130AVENIDA DR LUIZ ANTONIO LINHA S N                 FONTE CAJUPIRANPARNAMIRIM          59150000RN15062020000000000284741000000000000000000000000000000000000000000000000000000000000               0000000        
0330002300059A0000187070000100000007176017 GUARAVES ALIMENTOS LTDA       1400333690          15062020BRL000000000000000000000000318504                    00000000000000000000000                                          00010     0          
0330002300060B   212727145000178LOC SITIO SANTIAGO            S N                 FELIPE CAMARAO GUARABIRA           58200000PB15062020000000000318504000000000000000000000000000000000000000000000000000000000000               0000000        
0330002300061A0000187070000100000007176017 GUARAVES ALIMENTOS LTDA       1400333691          15062020BRL000000000000000000000004570593                    00000000000000000000000                                          00010     0          
0330002300062B   212727145000178LOC SITIO SANTIAGO            S N                 ZONA RURAL     GUARABIRA           58200000PB15062020000000004570593000000000000000000000000000000000000000000000000000000000000               0000000        
0330002300063A0000187070000100000007329972 PRODUTOS LUCENA EIRELI ME     1400333700          15062020BRL000000000000000000000001029710                    00000000000000000000000                                          00010     0          
0330002300064B   201753639000100RUA AGNALDO GURGEL JUNIOR     10                  CANDELARIA     NATAL               59066030RN15062020000000001029710000000000000000000000000000000000000000000000000000000000000               0000000        
0330002300065A0000187480072300000000735779 STEVIA NATUS PRODUTOS NATURAIS1400333703          15062020BRL000000000000000000000000203119                    00000000000000000000000                                          00010     0          
0330002300066B   206010802000169AVENIDA BRASIL                589                 CENTRO         CAMBIRA             86890000PR15062020000000000203119000000000000000000000000000000000000000000000000000000000000               0000000        
0330002300067A0000187480220700000000128708 PRIMALE ALIMENTOS             1400333713          15062020BRL000000000000000000000000380160                    00000000000000000000000                                          00010     0          
0330002300068B   217224667000170RUA CAMARA CASCUDO            45                  PARQUE DE EXPOSPARNAMIRIM          59146460RN15062020000000000380160000000000000000000000000000000000000000000000000000000000000               0000000        
0330002300069A0000187480220700000000068110 RAIMUNDO NONATO BANDEIRA E SIL1400333701          15062020BRL000000000000000000000000572167                    00000000000000000000000                                          00010     0          
0330002300070B   210700821000194RUA NOSSA SENHORA DA GLORIA   321                 BOM PASTOR     NATAL               59060290RN15062020000000000572167000000000000000000000000000000000000000000000000000000000000               0000000        
03300025         000072000000000082505932                                                                                                                                                                                                       
03399999         000002000084000000                                                                                                                                                                                                             
