03300000         208030363000181003300800049025262470008090000130026410 SUPERMERCADO NORDESTAO LTDA   BANCO SANTANDER S.A                     11006202012060402413508900000                    0002413515                                       
03300011C2001045 208030363000181003300800049025262470008090000130026410 SUPERMERCADO NORDESTAO LTDA                                           RODOVIA BR 304                00000               PARNAMIRIM          59146750RN                  
0330001300001A0000000330217500000290005209 TOTAL QUIMICA LTDA            1400333238          15062020BRL000000000000000000000001243674                    00000000000000000000000                                                    0          
0330001300002B   268418433000103RODOVIA REGIS BITTENCOURT     S N                 JARDIM DOS OLIVEMBU DAS ARTES      06818300SP15062020000000001243674000000000000000000000000000000000000000000000000000000000000               0000000        
0330001300003A0000000330466700000130002171 FIOR DI LATTE COMERCIAL LTDA  1400333210          15062020BRL000000000000000000000000020710                    00000000000000000000000                                                    0          
0330001300004B   202372370000185LOTEAMENTO JARDIM IPES LTS 121S N                 CENTRO         SAO JOSE DE MIPIBU  59162000RN15062020000000000020710000000000000000000000000000000000000000000000000000000000000               0000000        
03300015         000006000000000001264384000000000000000000                                                                                                                                                                                     
03300021C2041045 208030363000181003300800049025262470008090000130026410 SUPERMERCADO NORDESTAO LTDA                                           RODOVIA BR 304                00000               PARNAMIRIM          59146750RN                  
0330002300001A0000180010002200000001190091 AMORIM & CIA LTDA             1400333256          15062020BRL000000000000000000000000450410                    00000000000000000000000                                          00010     0          
0330002300002B   208291637000358ROD BR 101 KM 115 SN GALPAO1 A                    TABORDA        SAO JOSE DE MIPIBU  59162000RN15062020000000000450410000000000000000000000000000000000000000000000000000000000000               0000000        
0330002300003A0000180010002200000005501105 COMEBOM DISTRIBUIDORA LTDA    1400333199          15062020BRL000000000000000000000000040990                    00000000000000000000000                                          00010     0          
0330002300004B   210871390000129AVENIDA AYRTON SENNA          1029                CAPIM MACIO    NATAL               59080100RN15062020000000000040990000000000000000000000000000000000000000000000000000000000000               0000000        
0330002300005A0000180010006310000000432385 DISTRIBUIDORA CAMPINENSE DE   1400333255          15062020BRL000000000000000000000001992826                    00000000000000000000000                                          00010     0          
0330002300006B   234764386000120V COLETORA                    200                 ACACIO DE FIGUECAMPINA GRANDE      58421280PB15062020000000001992826000000000000000000000000000000000000000000000000000000000000               0000000        
0330002300007A0000180010006900000000757284 CAPPELLARO&CAPPELLARO COM DE F1400333196          15062020BRL000000000000000000000002457810                    00000000000000000000000                                          00010     0          
0330002300008B   218519610000161LOTEAMENTO PROJETO SENADOR NIL1276                ZONA RURAL     PETROLINA           56300000PE15062020000000002457810000000000000000000000000000000000000000000000000000000000000               0000000        
0330002300009A0000180010006900000000830305 CAPP COMERCIAL DE FRUTAS LTDA 1400333195          15062020BRL000000000000000000000002511199                    00000000000000000000000                                          00010     0          
0330002300010B   222842438000150A PROJETO SENADOR NIL SN LOTE                     ZONA RURAL DE PPETROLINA           56334899PE15062020000000002511199000000000000000000000000000000000000000000000000000000000000               0000000        
0330002300011A0000180010096300000000819719 DEFAVERI CAPPELLARO PRODUCAO E1400333201          15062020BRL000000000000000000000000376176                    00000000000000000000000                                          00010     0          
0330002300012B   211950548000119LOTEAMENTO PROJETO SENADOR NIL207                 ZONA RURAL     PETROLINA           56300000PE15062020000000000376176000000000000000000000000000000000000000000000000000000000000               0000000        
0330002300013A0000180010108500000000156744 MASSAS JUCURUTU IND PANIF LTDA1400333223          15062020BRL000000000000000000000000570240                    00000000000000000000000                                          00010     0          
0330002300014B   214436874000109RODOVIA RN 118                100                 ZONA RURAL     JUCURUTU            59330000RN15062020000000000570240000000000000000000000000000000000000000000000000000000000000               0000000        
0330002300015A0000180010160400000000180009 AVINE COML E AVICOLA NORDESTE 1400330263          15062020BRL000000000000000000000007327294                    00000000000000000000000                                          00010     0          
0330002300016B   241434556000173AVENIDA PRESIDENTE COSTA E SIL2140                ZONA RURAL     FORTALEZA           60761190CE15062020000000007327294000000000000000000000000000000000000000000000000000000000000               0000000        
0330002300017A0000180010166800000000274879 FILE DE ALAMBIQUE DISTRIBUIDOR1400333200          15062020BRL000000000000000000000000148343                    00000000000000000000000                                          00010     0          
0330002300018B   209911121000160AVENIDA PETRA KELLY           824                 NOVA PARNAMIRIMPARNAMIRIM          59150000RN15062020000000000148343000000000000000000000000000000000000000000000000000000000000               0000000        
0330002300019A0000180010183600000001103911 COMERCIAL HORTI FRIOS LTDA    1400333243          15062020BRL000000000000000000000000786216                    00000000000000000000000                                          00010     0          
0330002300020B   240843179000163RODOVIA BR 101 SUL            550                 CURADO         RECIFE              50790900PE15062020000000000786216000000000000000000000000000000000000000000000000000000000000               0000000        
0330002300021A0000180010184500000000640778 ANGELA MARIA LIMA PINHEIRO    1400333244          15062020BRL000000000000000000000000057297                    00000000000000000000000                                          00010     0          
0330002300022B   226205231000125AV GANDHI                     1111                NOVA PARNAMIRIMPARNAMIRIM          59152780RN15062020000000000057297000000000000000000000000000000000000000000000000000000000000               0000000        
0330002300023A0000180010225780000000125970 AGRICOLA QDELICIA FRUTAS LTDA 1400330261          15062020BRL000000000000000000000001168822                    00000000000000000000000                                          00010     0          
0330002300024B   209104065000151SITIO FORTALEZA               SN                  CHA DO ESQUECIDSAO VICENTE FERRER  55860000PE15062020000000001168822000000000000000000000000000000000000000000000000000000000000               0000000        
0330002300025A0000180010231800000000235580 JOSE LEONALDO DE PAIVA - ME   1400333218          15062020BRL000000000000000000000000416683                    00000000000000000000000                                          00010     0          
0330002300026B   212065921000111RUA SEVERINO BERNARDO FILHO   10                  COBE           VERA CRUZ           59184000RN15062020000000000416683000000000000000000000000000000000000000000000000000000000000               0000000        
0330002300027A0000180010287000000000010359 G J DE MEDEIROS               1400333211          15062020BRL000000000000000000000001006291                    00000000000000000000000                                          00010     0          
0330002300028B   209110388000158AVENIDA CAPITAO MOR GOUVEIA   S N                 LAGOA NOVA     NATAL               59060400RN15062020000000001006291000000000000000000000000000000000000000000000000000000000000               0000000        
0330002300029A0000180010287010000001295462 G J DE MEDEIROS               1400333254          15062020BRL000000000000000000000001867500                    00000000000000000000000                                          00010     0          
0330002300030B   209110388000409AV INTERVENTOR MARIO CAMARA   4380                CIDADE DA ESPERNATAL               59070600RN15062020000000001867500000000000000000000000000000000000000000000000000000000000000               0000000        
0330002300031A0000180010322100000006909779 MOET HENNESSY DO BRASIL VINHOS1400333247          15062020BRL000000000000000000000001040667                    00000000000000000000000                                          00010     0          
0330002300032B   243993591001049RUA RIACHAO 807                                   MURIBECA       JABOATAO GUARARAPES 54355057PE15062020000000001040667000000000000000000000000000000000000000000000000000000000000               0000000        
0330002300033A0000180010330700000000100439 ATICINIOS BELA VISTA LTDA     1400333219          15062020BRL000000000000000000000020603412                    00000000000000000000000                                          00010     0          
0330002300034B   202089969000106RODOVIA GO 20                 S N                 ZONA RURAL     BELA VISTA DE GOIAS 75240000GO15062020000000020603412000000000000000000000000000000000000000000000000000000000000               0000000        
0330002300035A0000180010340900000000128503 SOMAVE AGROINDUSTRIAL LTDA    1400333236          15062020BRL000000000000000000000011701283                    00000000000000000000000                                          00010     0          
0330002300036B   206353241000109RODOVIA PR 082 KM 317         SN                  CENTRO         CIDADE GAUCHA       87820000PR15062020000000011701283000000000000000000000000000000000000000000000000000000000000               0000000        
0330002300037A0000180010343300000000035939 USINA CENTRAL OLHO D'AGUA S/A 1400333240          15062020BRL000000000000000000000002590000                    00000000000000000000000                                          00010     0          
0330002300038B   211797222000101LOCALIDADE USINA OLHO DAGUA   SN                  ZONA RURAL     CAMUTANGA           55930000PE15062020000000002590000000000000000000000000000000000000000000000000000000000000000               0000000        
0330002300039A0000180010343400000000550868 CBL ALIMENTOS S/A             1400333197          15062020BRL000000000000000000000001161102                    00000000000000000000000                                          00010     0          
0330002300040B   210483444000189R CARLOS CAMARA               1454                EMAUS          FORTALEZA           60020150CE15062020000000001161102000000000000000000000000000000000000000000000000000000000000               0000000        
0330002300041A0000180010352500000000083666 H C DE ARAUJO LUIZ ME         1400333213          15062020BRL000000000000000000000000066554                    00000000000000000000000                                          00010     0          
0330002300042B   204057026000127RUA VEREADOR JOSE SOTERO      956                 ALECRIM        NATAL               59040050RN15062020000000000066554000000000000000000000000000000000000000000000000000000000000               0000000        
0330002300043A0000180010369800000000141640 DOCES DANTAS LTDA             1400333203          15062020BRL000000000000000000000001747235                    00000000000000000000000                                          00010     0          
0330002300044B   212649349000138RUA PEDRA BRANCA              1118                LOT SANTAREM PONATAL               59111020RN15062020000000001747235000000000000000000000000000000000000000000000000000000000000               0000000        
0330002300045A0000180010377700000000010502 MANOEL JOSE DA SOUZA ME       1400333221          15062020BRL000000000000000000000001210238                    00000000000000000000000                                          00010     0          
0330002300046B   211938925000102AVENIDA CAPITAOMOR GOUVEIA    S N                 LAGOA NOVA     NATAL               59063400RN15062020000000001210238000000000000000000000000000000000000000000000000000000000000               0000000        
0330002300047A0000180010377700000000013080 MFS FREITAS HORTIFRUTIGRANJEIR1400333225          15062020BRL000000000000000000000000134942                    00000000000000000000000                                          00010     0          
0330002300048B   201230500000182AVENIDA CAPITAOMOR GOUVEIACEASS N                 LAGOA NOVA     NATAL               59070400RN15062020000000000134942000000000000000000000000000000000000000000000000000000000000               0000000        
0330002300049A0000180010377700000000157937 DEUZIMAR BATISTA DE MEDEIROS E1400333202          15062020BRL000000000000000000000000216807                    00000000000000000000000                                          00010     0          
0330002300050B   210716322000195AVENIDA CAPITAOMOR GOUVEIA    S N                 LAGOA NOVA     NATAL               59076400RN15062020000000000216807000000000000000000000000000000000000000000000000000000000000               0000000        
0330002300051A0000180010377700000000417050 FAZENDA LITORAL VERDE EIRELI M1400333208          15062020BRL000000000000000000000000061038                    00000000000000000000000                                          00010     0          
0330002300052B   224681887000199AVENIDA DO SOL                3420                CANDELARIA     NATAL               59065600RN15062020000000000061038000000000000000000000000000000000000000000000000000000000000               0000000        
0330002300053A0000180010436100000001094270 STER BOM IND E COM LTDA       1400333237          15062020BRL000000000000000000000001338404                    00000000000000000000000                                          00010     0          
0330002300054B   203066662000152RODOVIA BR 304 KM 305         S N                 DISTRITO INDUSTPARNAMIRIM          59146750RN15062020000000001338404000000000000000000000000000000000000000000000000000000000000               0000000        
0330002300055A0000180010511300000000032026 IND E COM SANTA MARIA LTDA    1400333216          15062020BRL000000000000000000000007499133                    00000000000000000000000                                          00010     0          
0330002300056B   249211717000171VIA ANHANGUERA                S N                 VILA INDUSTRIALITUVERAVA           14500000SP15062020000000007499133000000000000000000000000000000000000000000000000000000000000               0000000        
0330002300057A0000180040021500000000173112 D P B AVICULTURA COM VAREJ OVO1400333252          15062020BRL000000000000000000000000229300                    00000000000000000000000                                          00010     0          
0330002300058B   208148596000345RODOVIA RN 160                S N                 DISTRITO DE CANMACAIBA             59280000RN15062020000000000229300000000000000000000000000000000000000000000000000000000000000               0000000        
0330002300059A0000180040026600000000001866 SOHUMUS COMERCIAL LTDA ME     1400333235          15062020BRL000000000000000000000000092048                    00000000000000000000000                                          00010     0          
0330002300060B   235307503000199GRANJA OURO PRETO             S N                 ZONA RURAL     EXTREMOZ            59575000RN15062020000000000092048000000000000000000000000000000000000000000000000000000000000               0000000        
0330002300061A000018104005391000000033095  HMG AGRONEGOCIOS EIRELI       1400333250          15062020BRL000000000000000000000000202500                    00000000000000000000000                                          00010     0          
0330002300062B   229070468000134VALE DO RIO MAXARANGUAPE      S N                 TAMANDUA       CEARA MIRIM         59570000RN15062020000000000202500000000000000000000000000000000000000000000000000000000000000               0000000        
0330002300063A0000181040075800000000013745 ELIMARI REGIO DE MEDEIROS ME  1400333204          15062020BRL000000000000000000000001034733                    00000000000000000000000                                          00010     0          
0330002300064B   207931219000153SITIO RIACHO DO MEIO          SN                  ZONA RURAL     CRUZETA             59375000RN15062020000000001034733000000000000000000000000000000000000000000000000000000000000               0000000        
0330002300065A0000181040424900000000000698 ESTAR BEM COM ATACADISTA ALIM 1400333205          15062020BRL000000000000000000000000618824                    00000000000000000000000                                          00010     0          
0330002300066B   210564721000188RUA SENADOR GEORGINO AVELINO  451                 MONTE CASTELO  PARNAMIRIM          59146150RN15062020000000000618824000000000000000000000000000000000000000000000000000000000000               0000000        
0330002300067A0000182370021800000000097799 PF COM FRUTAS EM GERAL LTDA ME1400333227          15062020BRL000000000000000000000000756000                    00000000000000000000000                                          00010     0          
0330002300068B   208222248000109RUA PRIMEIRO DE JANEIRO       81                  CENTRO         PEDRAS DE FOGO      58328000PB15062020000000000756000000000000000000000000000000000000000000000000000000000000000               0000000        
0330002300069A0000182370032100000001496204 D D GASPAR FABRICACAO DE AGUA 1400333242          15062020BRL000000000000000000000000592416                    00000000000000000000000                                          00010     0          
0330002300070B   204983035000149LAGOA MARGEM DA LAGOA DE EXTRES N                 ZONA RURAL     EXTREMOZ            59575500RN15062020000000000592416000000000000000000000000000000000000000000000000000000000000               0000000        
0330002300071A0000182370201100000000200204 ITAMBE ALIMENTOS S/A          1400333217          15062020BRL000000000000000000000006875712                    00000000000000000000000                                          00010     0          
0330002300072B   216849231000104RODOVIA BR 262 KM 403         SN                  PATAFUFO       PARA DE MINAS       35661390MG15062020000000006875712000000000000000000000000000000000000000000000000000000000000               0000000        
0330002300073A0000182370211400000001262831 INDAIA BRASIL AGUAS MINERAIS L1400333215          15062020BRL000000000000000000000000550961                    00000000000000000000000                                          00010     0          
0330002300074B   200048785003783RODOVIA BR 304 KM 306         S N                 DISTRITO INDUSTPARNAMIRIM          59150000RN15062020000000000550961000000000000000000000000000000000000000000000000000000000000               0000000        
0330002300075A0000182370236400000000095001 FACEPA FABRICA PAPEL AMAZONIA 1400333206          15062020BRL000000000000000000000001163016                    00000000000000000000000                                          00010     0          
0330002300076B   204909479000134PASSAGEM TRES DE OUTUBRO      536                 DISTRITO INDUSTBELEM               66123640PA15062020000000001163016000000000000000000000000000000000000000000000000000000000000               0000000        
0330002300077A0000182370236700000000111228 ROMA NATAL DIST PROD ALIM LTDA1400333232          15062020BRL000000000000000000000000105623                    00000000000000000000000                                          00010     0          
0330002300078B   212760995000178RUA IGUASSU                   198                 EMAUS          PARNAMIRIM          59149100RN15062020000000000105623000000000000000000000000000000000000000000000000000000000000               0000000        
0330002300079A0000182370263200000000001120 FAMA DISTRIBUICAO E LOGISTICA 1400333207          15062020BRL000000000000000000000000039420                    00000000000000000000000                                          00010     0          
0330002300080B   206029901000192RODOVIA BR 101                S N                 PARQUE INDUSTRIPARNAMIRIM          59149090RN15062020000000000039420000000000000000000000000000000000000000000000000000000000000               0000000        
0330002300081A0000182370263200000000309656 SIDORE IND. E COM. DE REFRIGER1400333234          15062020BRL000000000000000000000001645871                    00000000000000000000000                                          00010     0          
0330002300082B   201115454000170RODOVIA BR 304                S N                 INDUSTRIAL     PARNAMIRIM          59150000RN15062020000000001645871000000000000000000000000000000000000000000000000000000000000               0000000        
0330002300083A0000182370263200000000004545 AGRICOLA FAMOSA LTDA          1400330260          15062020BRL000000000000000000000002410560                    00000000000000000000000                                          00010     0          
0330002300084B   200474300000293FAZENDA FAMOSA                SN                  ZONA RURAL     ICAPUI              62810000CE15062020000000002410560000000000000000000000000000000000000000000000000000000000000               0000000        
0330002300085A0000182370296000000000054143 MAURICEA ALIMENTOS DO NORDESTE1400333224          15062020BRL000000000000000000000004231704                    00000000000000000000000                                          00010     0          
0330002300086B   212819074000133RODOVIA BR 408                S N                 LAGOA NOVA     NAZARE DA MATA      55800000PE15062020000000004231704000000000000000000000000000000000000000000000000000000000000               0000000        
0330002300087A0000182370337820000001400193 DOARBELLEZA PRODUTOS DE BELEZA1400333249          15062020BRL000000000000000000000000972578                    00000000000000000000000                                          00010     0          
0330002300088B   204850445000111EST SAO DOMINGOS              S N                 PORTAL DE JACARSEROPEDICA          23894080RJ15062020000000000972578000000000000000000000000000000000000000000000000000000000000               0000000        
0330002300089A0000182370339200000000853011 ALLFOOD IMP IND E COM LTDA    1400330262          15062020BRL000000000000000000000000535579                    00000000000000000000000                                          00010     0          
0330002300090B   201132613000145R PRESIDENTE COSTA PEREIRA    373                 MOOCA          SAO PAULO           03108040SP15062020000000000535579000000000000000000000000000000000000000000000000000000000000               0000000        
0330002300091A0000182370339500000001345001 REAL COMERCIAL LTDA           1400333230          15062020BRL000000000000000000000008824344                    00000000000000000000000                                          00010     0          
0330002300092B   202780640001401AVENIDA PRESIDENTE WILSON     1866                IPIRANGA       SAO PAULO           03107001SP15062020000000008824344000000000000000000000000000000000000000000000000000000000000               0000000        
0330002300093A0000182370350250000000158488 BARBOSA E MARQUES S/A         1400330264          15062020BRL000000000000000000000007188298                    00000000000000000000000                                          00010     0          
0330002300094B   219273747000141AVENIDA MENINO MARCELO        8651                SERRARIA       MACEIO              57046000AL15062020000000007188298000000000000000000000000000000000000000000000000000000000000               0000000        
0330002300095A0000182370364500000000179671 RIVOLI INDUSTRIA E COMERCIO LT1400333231          15062020BRL000000000000000000000001543378                    00000000000000000000000                                          00010     0          
0330002300096B   260394509000198RUA GINO BENUZZI              190                 PEIXINHOS      CURITIBA            81350070PR15062020000000001543378000000000000000000000000000000000000000000000000000000000000               0000000        
0330002300097A0000182370370800000000035009 NELSON WENDT E CIA LTDA       1400333226          15062020BRL000000000000000000000003713733                    00000000000000000000000                                          00010     0          
0330002300098B   292215763000178AVENIDA FERNANDO OSORIO       2774                GUABIRABA      PELOTAS             96065000RS15062020000000003713733000000000000000000000000000000000000000000000000000000000000               0000000        
0330002300099A0000182370715100000000238627 ADRIANO DANTAS CAVALCANTE     1400333251          15062020BRL000000000000000000000000056910                    00000000000000000000000                                          00010     0          
0330002300100B   232484409000117RUA CONSELHEIRO LAFAIETE      2905                NEOPOLIS       NATAL               59084250RN15062020000000000056910000000000000000000000000000000000000000000000000000000000000               0000000        
0330002300101A0000183410036800000000174710 SEMINA IND COM LTDA           1400333233          15062020BRL000000000000000000000000116423                    00000000000000000000000                                          00010     0          
0330002300102B   255163042000135RUA MARACA                    658                 VILA GUARANI ZOSAO PAULO           04313210SP15062020000000000116423000000000000000000000000000000000000000000000000000000000000               0000000        
0330002300103A0000183410037200000000160515 FAZENDA SANTA TEREZINHA       1400333209          15062020BRL000000000000000000000001141084                    00000000000000000000000                                          00010     0          
0330002300104B   201778112000130RODOVIA BR 101                SN                  ZONA RURAL     MAMANGUAPE          58280000PB15062020000000001141084000000000000000000000000000000000000000000000000000000000000               0000000        
0330002300105A0000183410091000000000019298 BIMBO DO BRASIL LTDA          1400333241          15062020BRL000000000000000000000000644576                    00000000000000000000000                                          00010     0          
0330002300106B   235402759000185R ERICO VERISSIMO             342                 MONTE CASTELO  SAO PAULO           05560900SP15062020000000000644576000000000000000000000000000000000000000000000000000000000000               0000000        
0330002300107A0000183410133900000000081885 A AUGUSTA DA SILVA ME         1400333245          15062020BRL000000000000000000000000187032                    00000000000000000000000                                          00010     0          
0330002300108B   221221896000109R SANTA CLARA                 273                 F CAMARAO      NATAL               59072470RN15062020000000000187032000000000000000000000000000000000000000000000000000000000000               0000000        
0330002300109A0000183410140300000000309394 LATICINIOS SAO VICENTE MINAS L1400333220          15062020BRL000000000000000000000000814281                    00000000000000000000000                                          00010     0          
0330002300110B   286454741000168RODOVIA SAO VICENTE E MINAS   SN                  ROSARIO        SAO VICENTE DE MINAS37370000MG15062020000000000814281000000000000000000000000000000000000000000000000000000000000               0000000        
0330002300111A0000183410653000000000367876 DELICIA POTIGUAR FECULA EIRELI1400333248          15062020BRL000000000000000000000000378000                    00000000000000000000000                                          00010     0          
0330002300112B   229404459000132FAZENDA PEROBAS               8998                ZONA RURAL     SERRA CAIDA         59243000RN15062020000000000378000000000000000000000000000000000000000000000000000000000000000               0000000        
0330002300113A0000183410653010000000394136 FRUTIZ COMERCIAL EIRELI       1400333253          15062020BRL000000000000000000000000675000                    00000000000000000000000                                          00010     0          
0330002300114B   235017394000175R PRESBITERO PORFIRIO GOMES DA1516                CAPIM MACIO    NATAL               59082420RN15062020000000000675000000000000000000000000000000000000000000000000000000000000000               0000000        
0330002300115A0000183410918900000000084446 TRF DE MEDEIROS COM ATAC EIREL1400333239          15062020BRL000000000000000000000000110194                    00000000000000000000000                                          00010     0          
0330002300116B   217072839000138RUA RIO PIRANHAS              1255                EMAUS          PARNAMIRIM          59149140RN15062020000000000110194000000000000000000000000000000000000000000000000000000000000               0000000        
0330002300117A0000183410931400000000179814 MARIA LUIZA BORGES - ME       1400333222          15062020BRL000000000000000000000000803250                    00000000000000000000000                                          00010     0          
0330002300118B   203450575000102RUA DO MOTOR 487 A            487 A               PRAIA DO MEIO  NATAL               59010090RN15062020000000000803250000000000000000000000000000000000000000000000000000000000000               0000000        
0330002300119A00001834109314 0000000183485 GENERAL FOODS SOCIEDADE DE    1400333246          15062020BRL000000000000000000000000097635                    00000000000000000000000                                          00010     0          
0330002300120B   207146729000110R DAS CONCHAS                 2166                PONTA NEGRA    NATAL               59090420RN15062020000000000097635000000000000000000000000000000000000000000000000000000000000               0000000        
0330002300121A0000183890021300000020609573 HIDROMINAS SANTA MARIA IND E C1400333214          15062020BRL000000000000000000000000239757                    00000000000000000000000                                          00010     0          
0330002300122B   208418279000130AVENIDA DR LUIZ ANTONIO LINHA S N                 FONTE CAJUPIRANPARNAMIRIM          59150000RN15062020000000000239757000000000000000000000000000000000000000000000000000000000000               0000000        
0330002300123A0000187070000100000007176017 GUARAVES ALIMENTOS LTDA       1400333212          15062020BRL000000000000000000000013179913                    00000000000000000000000                                          00010     0          
0330002300124B   212727145000178LOC SITIO SANTIAGO            S N                 ZONA RURAL     GUARABIRA           58200000PB15062020000000013179913000000000000000000000000000000000000000000000000000000000000               0000000        
0330002300125A0000187070000100000007209020 COM DE LATICINIOS DE NATAL LTD1400333198          15062020BRL000000000000000000000000791127                    00000000000000000000000                                          00010     0          
0330002300126B   270322490000128RUA TENENTE PETROLINO DIOGO   251                 QUINTAS        NATAL               59060110RN15062020000000000791127000000000000000000000000000000000000000000000000000000000000               0000000        
0330002300127A0000187070000100000007329972 PRODUTOS LUCENA EIRELI ME     1400333228          15062020BRL000000000000000000000001397843                    00000000000000000000000                                          00010     0          
0330002300128B   201753639000100RUA AGNALDO GURGEL JUNIOR     10                  CANDELARIA     NATAL               59066030RN15062020000000001397843000000000000000000000000000000000000000000000000000000000000               0000000        
0330002300129A0000187480220700000000068110 RAIMUNDO NONATO BANDEIRA E SIL1400333229          15062020BRL000000000000000000000001179842                    00000000000000000000000                                          00010     0          
0330002300130B   210700821000194RUA NOSSA SENHORA DA GLORIA   321                 BOM PASTOR     NATAL               59060290RN15062020000000001179842000000000000000000000000000000000000000000000000000000000000               0000000        
03300025         000132000000000135688377                                                                                                                                                                                                       
03399999         000002000140000000                                                                                                                                                                                                             
