23700000         208030363000181347328              0320340000000007293 SUPERMERCADO NORDESTAO LTDA   BANCO BRADESCO S.A                      11607202010494402509808901600                                                                     
23700011C2001045 208030363000181347328              0320340000000007293 SUPERMERCADO NORDESTAO LTDA                                           RODOVIA BR 304                00000               PARNAMIRIM          59146750RN01                
2370001300001A0000182370028950000001236105 VALE VERDE EMPREEND AGRICULA L1400344621          20072020BRL000000000000000000000002694995                    00000000000000000000000                                          00010     0          
2370001300002B   202414858000128FAZENDA ENGENHO ILHA DE FLORES00000               ZONA RURAL     CORTES              55525000PE20072020000000002694995000000000000000000000000000000000000000000000000000000000000               0000000        
2370001300003A0000182370032100000001378104 PESCADOS FISH LTDA            1400344607          20072020BRL000000000000000000000005366736                    00000000000000000000000                                          00010     0          
2370001300004B   203097776000160RUA PONTE NOVA                413                 NOSSA SENHORA DNATAL               59114070RN20072020000000005366736000000000000000000000000000000000000000000000000000000000000               0000000        
2370001300005A0000182370032100000001496204 D D GASPAR FABRICACAO DE AGUA 1400344623          20072020BRL000000000000000000000000719253                    00000000000000000000000                                          00010     0          
2370001300006B   204983035000149LAGOA MARGEM DA LAGOA DE EXTRE00000               ZONA RURAL     EXTREMOZ            59575500RN20072020000000000719253000000000000000000000000000000000000000000000000000000000000               0000000        
2370001300007A0000182370213100000000036226 J GALVAO JUNIOR               1400344595          20072020BRL000000000000000000000000363088                    00000000000000000000000                                          00010     0          
2370001300008B   201815137000167AVENIDA PRESIDENTE GETULIO VAR2070                SILVIO BEZERRA CURRAIS NOVOS       59380000RN20072020000000000363088000000000000000000000000000000000000000000000000000000000000               0000000        
2370001300009A0000182370263200000000106194 MULTIGIRO COM E DISTRIBUICAO L1400344605          20072020BRL000000000000000000000003387098                    00000000000000000000000                                          00010     0          
2370001300010B   213446587000109RUA RODOVIA BR304             00000               PARQUE DE EXPOSPARNAMIRIM          59146750RN20072020000000003387098000000000000000000000000000000000000000000000000000000000000               0000000        
2370001300011A0000182370265650000000061093 CREMER S.A                    1400344583          20072020BRL000000000000000000000000382379                    00000000000000000000000                                          00010     0          
2370001300012B   282641325000118RODOVIA VICEPREFEITO HERMENEGI300                 PRAZERES       JUNDIAI             13213086SP20072020000000000382379000000000000000000000000000000000000000000000000000000000000               0000000        
2370001300013A0000182370296000000000054143 MAURICEA ALIMENTOS DO NORDESTE1400344601          20072020BRL000000000000000000000000964807                    00000000000000000000000                                          00010     0          
2370001300014B   212819074000133RODOVIA BR 408                00000               LAGOA NOVA     NAZARE DA MATA      55800000PE20072020000000000964807000000000000000000000000000000000000000000000000000000000000               0000000        
2370001300015A0000182370309900000000200050 MILI S A                      1400344603          20072020BRL000000000000000000000006462167                    00000000000000000000000                                          00010     0          
2370001300016B   278908266000124RODOVIA BR116                 21501               TABOLEIRO DOS MCURITIBA            81690500PR20072020000000006462167000000000000000000000000000000000000000000000000000000000000               0000000        
2370001300017A0000182370309900000000200050 MILI S A                      1400344604          20072020BRL000000000000000000000000869583                    00000000000000000000000                                          00010     0          
2370001300018B   278908266000124RODOVIA BR116                 21501               TABULEIRO DOS MCURITIBA            81690500PR20072020000000000869583000000000000000000000000000000000000000000000000000000000000               0000000        
2370001300019A0000182370339200000000853011 ALLFOOD IMP IND E COM LTDA    1400344577          20072020BRL000000000000000000000000238829                    00000000000000000000000                                          00010     0          
2370001300020B   201132613000145R PRESIDENTE COSTA PEREIRA    373                 MOOCA          SAO PAULO           03108040SP20072020000000000238829000000000000000000000000000000000000000000000000000000000000               0000000        
2370001300021A0000182370715100000000238627 ADRIANO DANTAS CAVALCANTE     1400344630          20072020BRL000000000000000000000000078804                    00000000000000000000000                                          00010     0          
2370001300022B   232484409000117RUA CONSELHEIRO LAFAIETE      2905                NEOPOLIS       NATAL               59084250RN20072020000000000078804000000000000000000000000000000000000000000000000000000000000               0000000        
23700015         000024000000000021527739000000000000000000000000                                                                                                                                                                               
23700021C2003045 208030363000181347328              0320340000000007293 SUPERMERCADO NORDESTAO LTDA                                           RODOVIA BR 304                00000               PARNAMIRIM          59146750RN01                
2370002300001A0000180010002200000000341754 LP DE PAULA ME                1400344598          20072020BRL000000000000000000000000242658                    00000000000000000000000                                          00010CC   0          
2370002300002B   214954539000194CHACARA ESTACAO DAS FLORES    2                   ANINGAS        CEARAMIRIM          59570000RN20072020000000000242658000000000000000000000000000000000000000000000000000000000000               0000000        
2370002300003A0000180010002200000005501105 COMEBOM DISTRIBUIDORA LTDA    1400344581          20072020BRL000000000000000000000000274682                    00000000000000000000000                                          00010CC   0          
2370002300004B   210871390000129AVENIDA AYRTON SENNA          1029                CAPIM MACIO    NATAL               59080100RN20072020000000000274682000000000000000000000000000000000000000000000000000000000000               0000000        
2370002300005A0000180010006310000000432385 DISTRIBUIDORA CAMPINENSE DE   1400344633          20072020BRL000000000000000000000001121364                    00000000000000000000000                                          00010CC   0          
2370002300006B   234764386000120V COLETORA                    200                 ACACIO DE FIGUECAMPINA GRANDE      58421280PB20072020000000001121364000000000000000000000000000000000000000000000000000000000000               0000000        
2370002300007A0000180010022000000000259985 AGROINDUSTRIAL FRUTNAA LTDA   1400344576          20072020BRL000000000000000000000000729234                    00000000000000000000000                                          00010CC   0          
2370002300008B   206015530000190RODOVIA PE 075 KM1            102                 DIST INDUSTRIALGOIANA              55900000PE20072020000000000729234000000000000000000000000000000000000000000000000000000000000               0000000        
2370002300009A0000180010160400000000180009 AVINE COML E AVICOLA NORDESTE 1400344578          20072020BRL000000000000000000000006625348                    00000000000000000000000                                          00010CC   0          
2370002300010B   241434556000173AVENIDA PRESIDENTE COSTA E SIL2140                ZONA RURAL     FORTALEZA           60761190CE20072020000000006625348000000000000000000000000000000000000000000000000000000000000               0000000        
2370002300011A0000180010225600000000022179 IND DE ALIMENTOS ESPECIARIAS  1400344592          20072020BRL000000000000000000000000103794                    00000000000000000000000                                          00010CC   0          
2370002300012B   206179494000108RODOVIA BR 304                00000               DISTRITO INDUSTMACAIBA             59280000RN20072020000000000103794000000000000000000000000000000000000000000000000000000000000               0000000        
2370002300013A0000180010225600000000350001 J K IND PANIFICACAO LTDA EPP  1400344597          20072020BRL000000000000000000000000372789                    00000000000000000000000                                          00010CC   0          
2370002300014B   201318867000152RODOVIA BR 304 KM 3           00000               DISTRITO INDUSTMACAIBA             59280000RN20072020000000000372789000000000000000000000000000000000000000000000000000000000000               0000000        
2370002300015A0000180010225780000000125970 AGRICOLA QDELICIA FRUTAS LTDA 1400344575          20072020BRL000000000000000000000001321182                    00000000000000000000000                                          00010CC   0          
2370002300016B   209104065000151SITIO FORTALEZA               00000               CHA DO ESQUECIDSAO VICENTE FERRER  55860000PE20072020000000001321182000000000000000000000000000000000000000000000000000000000000               0000000        
2370002300017A0000180010231800000000235580 JOSE LEONALDO DE PAIVA - ME   1400344596          20072020BRL000000000000000000000000284297                    00000000000000000000000                                          00010CC   0          
2370002300018B   212065921000111RUA SEVERINO BERNARDO FILHO   10                  COBE           VERA CRUZ           59184000RN20072020000000000284297000000000000000000000000000000000000000000000000000000000000               0000000        
2370002300019A0000180010262300000000263567 COMERCIAL DO TRIGO LTDA       1400344582          20072020BRL000000000000000000000003646894                    00000000000000000000000                                          00010CC   0          
2370002300020B   205728108000119AVENIDA DR JOAO MEDEIROS FILHO3905                REDINHA        NATAL               59108120RN20072020000000003646894000000000000000000000000000000000000000000000000000000000000               0000000        
2370002300021A0000180010287010000001295462 G J DE MEDEIROS               1400344632          20072020BRL000000000000000000000001968960                    00000000000000000000000                                          00010CC   0          
2370002300022B   209110388000409AV INTERVENTOR MARIO CAMARA   4380                CIDADE DA ESPERNATAL               59070600RN20072020000000001968960000000000000000000000000000000000000000000000000000000000000               0000000        
2370002300023A0000180010287800000000020010 ROSANGELA M DE MELO - ME      1400344613          20072020BRL000000000000000000000000066342                    00000000000000000000000                                          00010CC   0          
2370002300024B   204535714000155RUA CATANDUVAS                2445                POTENGI        NATAL               59112430RN20072020000000000066342000000000000000000000000000000000000000000000000000000000000               0000000        
2370002300025A0000180010287800000000353795 GASCANA IND E COMERCIO LTDA   1400344588          20072020BRL000000000000000000000000205170                    00000000000000000000000                                          00010CC   0          
2370002300026B   209416421000172RUA PONTE NOVA                241                 NOSSA SENHORA DNATAL               59114070RN20072020000000000205170000000000000000000000000000000000000000000000000000000000000               0000000        
2370002300027A0000180010293700000000266370 NOSSA FRUTA BRASIL INDUSTRIA  1400344624          20072020BRL000000000000000000000000974375                    00000000000000000000000                                          00010CC   0          
2370002300028B   210417944000112ROD CE 138 KM 14              00000               ZONA RURAL     PEREIRO             63460000CE20072020000000000974375000000000000000000000000000000000000000000000000000000000000               0000000        
2370002300029A0000180010298800000000494259 WASHINGTON FRUTAS COMERCIO LTD1400344625          20072020BRL000000000000000000000001800036                    00000000000000000000000                                          00010CC   0          
2370002300030B   213897212000165AV PIRACIACABA                931                 JARDIM SAO JOAORECIFE              50790250PE20072020000000001800036000000000000000000000000000000000000000000000000000000000000               0000000        
2370002300031A0000180010336900000000011665 PLASUTIL IND E COM DE PLAST LT1400344609          20072020BRL000000000000000000000000242292                    00000000000000000000000                                          00010CC   0          
2370002300032B   256450877000210RUA JORNALISTA EDSON REGIS    456                 IBURA          RECIFE              51220000PE20072020000000000242292000000000000000000000000000000000000000000000000000000000000               0000000        
2370002300033A0000180010342000000000037265 SCHWANKE INDUSTRIAL LTDA      1400344615          20072020BRL000000000000000000000003048726                    00000000000000000000000                                          00010CC   0          
2370002300034B   282639477000186RUA OSWALDO CRUZ              55                  VELHA          BLUMENAU            89036490SC20072020000000003048726000000000000000000000000000000000000000000000000000000000000               0000000        
2370002300035A0000180010343400000001342215 SOCOCO SA INDUSTRIAS ALIMENTIC1400344617          20072020BRL000000000000000000000000688500                    00000000000000000000000                                          00010CC   0          
2370002300036B   212285276000142AVENIDA CDOR GUSTAVO PAIVA    2541                MANGABEIRAS    MACEIO              57031360AL20072020000000000688500000000000000000000000000000000000000000000000000000000000000               0000000        
2370002300037A0000180010352500000000083666 H C DE ARAUJO LUIZ ME         1400344590          20072020BRL000000000000000000000000390182                    00000000000000000000000                                          00010CC   0          
2370002300038B   204057026000127RUA VEREADOR JOSE SOTERO      956                 ALECRIM        NATAL               59040050RN20072020000000000390182000000000000000000000000000000000000000000000000000000000000               0000000        
2370002300039A0000180010377700000000010502 MANOEL JOSE DA SOUZA ME       1400344599          20072020BRL000000000000000000000000658479                    00000000000000000000000                                          00010CC   0          
2370002300040B   211938925000102AVENIDA CAPITAOMOR GOUVEIA    00000               LAGOA NOVA     NATAL               59063400RN20072020000000000658479000000000000000000000000000000000000000000000000000000000000               0000000        
2370002300041A0000180010377700000000013080 MFS FREITAS HORTIFRUTIGRANJEIR1400344602          20072020BRL000000000000000000000000002055                    00000000000000000000000                                          00010CC   0          
2370002300042B   201230500000182AVENIDA CAPITAOMOR GOUVEIACEAS00000               LAGOA NOVA     NATAL               59070400RN20072020000000000002055000000000000000000000000000000000000000000000000000000000000               0000000        
2370002300043A0000180010377700000000157937 DEUZIMAR BATISTA DE MEDEIROS E1400344584          20072020BRL000000000000000000000000267416                    00000000000000000000000                                          00010CC   0          
2370002300044B   210716322000195AVENIDA CAPITAOMOR GOUVEIA    00000               LAGOA NOVA     NATAL               59076400RN20072020000000000267416000000000000000000000000000000000000000000000000000000000000               0000000        
2370002300045A0000180010377700000000417050 FAZENDA LITORAL VERDE EIRELI M1400344586          20072020BRL000000000000000000000000057600                    00000000000000000000000                                          00010CC   0          
2370002300046B   224681887000199AVENIDA DO SOL                3420                CANDELARIA     NATAL               59065600RN20072020000000000057600000000000000000000000000000000000000000000000000000000000000               0000000        
2370002300047A0000180010415410000000181455 MARIA LUZINETE DE SALES CAMARA1400344634          20072020BRL000000000000000000000000044521                    00000000000000000000000                                          00010CC   0          
2370002300048B   100098710532749RUA SERRA DO ARAPUA           88                  NOVA PARNAMIRIMPARNAMIRIM          59152705RN20072020000000000044521000000000000000000000000000000000000000000000000000000000000               0000000        
2370002300049A0000180010436100000001094270 STER BOM IND E COM LTDA       1400344618          20072020BRL000000000000000000000003611775                    00000000000000000000000                                          00010CC   0          
2370002300050B   203066662000152RODOVIA BR 304 KM 305         00000               DISTRITO INDUSTPARNAMIRIM          59146750RN20072020000000003611775000000000000000000000000000000000000000000000000000000000000               0000000        
2370002300051A0000180010436100000000050890 CASA NORTE LTDA               1400344579          20072020BRL000000000000000000000001111351                    00000000000000000000000                                          00010CC   0          
2370002300052B   208713513000151AVENIDA INTERVENTOR MARIO CAMA2043                DIX SEPT ROSADONATAL               59054600RN20072020000000001111351000000000000000000000000000000000000000000000000000000000000               0000000        
2370002300053A0000180010436100000000058262 INDUSTRIAS BECKER LTDA        1400344593          20072020BRL000000000000000000000003733098                    00000000000000000000000                                          00010CC   0          
2370002300054B   202216104000163RODOVIA BR 101                00000               CANADA         SAO JOSE DE MIPIBU  59162000RN20072020000000003733098000000000000000000000000000000000000000000000000000000000000               0000000        
2370002300055A0000180010808200000000216380 PANIFICADORA SAO MIGUEL LTDA -1400344606          20072020BRL000000000000000000000000080344                    00000000000000000000000                                          00010CC   0          
2370002300056B   209374422000282RUA HIDROGRAFO VITAL DE OLIVEI199                 NOSSA SENHORA DNATAL               59062240RN20072020000000000080344000000000000000000000000000000000000000000000000000000000000               0000000        
2370002300057A0000181040003500000000092067 YOGODELI INDUSTRIA E COMERCIO 1400344629          20072020BRL000000000000000000000000039765                    00000000000000000000000                                          00010CC   0          
2370002300058B   228020549000167RUA DESEMBARGADOR SILVERIO SOA1012                TIROL          NATAL               59014610RN20072020000000000039765000000000000000000000000000000000000000000000000000000000000               0000000        
2370002300059A0000181040009600000000023041 EDSON ANTONIO TREBESCHI SAO JO1400344627          20072020BRL000000000000000000000002690018                    00000000000000000000000                                          00010CC   0          
2370002300060B   208224694000667SITIO SAO JOSE                00000               DE CIMA        ITAPEVA             18400970SP20072020000000002690018000000000000000000000000000000000000000000000000000000000000               0000000        
2370002300061A0000181040324200000030006741 SIMAS INDUSTRIAL DE ALIMENTOS 1400344616          20072020BRL000000000000000000000000208942                    00000000000000000000000                                          00010CC   0          
2370002300062B   203570768000199RODOVIA BR 304                00000               ZONA RURAL     MACAIBA             59280000RN20072020000000000208942000000000000000000000000000000000000000000000000000000000000               0000000        
2370002300063A0000181040423900000009045150 AGRICOLA FAMOSA LTDA          1400344464          20072020BRL000000000000000000000002161080                    00000000000000000000000                                          00010CC   0          
2370002300064B   200474300000102ROD BR 304                    00000               ZONA RURAL     ARACATI             62800000CE20072020000000002161080000000000000000000000000000000000000000000000000000000000000               0000000        
2370002300065A0000181040424900000000000698 ESTAR BEM COM ATACADISTA ALIM 1400344585          20072020BRL000000000000000000000000671661                    00000000000000000000000                                          00010CC   0          
2370002300066B   210564721000188RUA SENADOR GEORGINO AVELINO  451                 MONTE CASTELO  PARNAMIRIM          59146150RN20072020000000000671661000000000000000000000000000000000000000000000000000000000000               0000000        
2370002300067A0000183410005600000000188816 INTERFOOD IMPORTACAO LTDA     1400344594          20072020BRL000000000000000000000006017892                    00000000000000000000000                                          00010CC   0          
2370002300068B   236357994000145RUA CACIQUE TIBIRICA          320                 PAULICEIA      SAO BERNARDO DO CAMP09651050SP20072020000000006017892000000000000000000000000000000000000000000000000000000000000               0000000        
2370002300069A0000183410020710000000250531 GRANO ALIMENTOS SA            1400344631          20072020BRL000000000000000000000004051607                    00000000000000000000000                                          00010CC   0          
2370002300070B   202106825000110RODOVIA VRS 351               00000               VILA LEOPOLDINASERAFINA CORREA     99250000RS20072020000000004051607000000000000000000000000000000000000000000000000000000000000               0000000        
2370002300071A0000183410037200000000160515 FAZENDA SANTA TEREZINHA       1400344587          20072020BRL000000000000000000000002039222                    00000000000000000000000                                          00010CC   0          
2370002300072B   201778112000130RODOVIA BR 101                00000               ZONA RURAL     MAMANGUAPE          58280000PB20072020000000002039222000000000000000000000000000000000000000000000000000000000000               0000000        
2370002300073A0000183410080200000000034587 SALGADO IRMAOS CIA LTDA       1400344614          20072020BRL000000000000000000000001177560                    00000000000000000000000                                          00010CC   0          
2370002300074B   225859299000246RUA RIO DE JANEIRO            819                 CENTRO         VARGINHA            37002250MG20072020000000001177560000000000000000000000000000000000000000000000000000000000000               0000000        
2370002300075A0000183410091000000000019298 BIMBO DO BRASIL LTDA          1400344622          20072020BRL000000000000000000000001179527                    00000000000000000000000                                          00010CC   0          
2370002300076B   235402759000185R ERICO VERISSIMO             342                 MONTE CASTELO  SAO PAULO           05560900SP20072020000000001179527000000000000000000000000000000000000000000000000000000000000               0000000        
2370002300077A0000183410133900000000081885 A AUGUSTA DA SILVA ME         1400344626          20072020BRL000000000000000000000000200736                    00000000000000000000000                                          00010CC   0          
2370002300078B   221221896000109R SANTA CLARA                 273                 F CAMARAO      NATAL               59072470RN20072020000000000200736000000000000000000000000000000000000000000000000000000000000               0000000        
2370002300079A0000183410653000000000367876 DELICIA POTIGUAR FECULA EIRELI1400344628          20072020BRL000000000000000000000001764000                    00000000000000000000000                                          00010CC   0          
2370002300080B   229404459000132FAZENDA PEROBAS               8998                ZONA RURAL     SERRA CAIDA         59243000RN20072020000000001764000000000000000000000000000000000000000000000000000000000000000               0000000        
2370002300081A0000183410918900000000084446 TRF DE MEDEIROS COM ATAC EIREL1400344620          20072020BRL000000000000000000000006973651                    00000000000000000000000                                          00010CC   0          
2370002300082B   217072839000138RUA RIO PIRANHAS              1255                EMAUS          PARNAMIRIM          59149140RN20072020000000006973651000000000000000000000000000000000000000000000000000000000000               0000000        
2370002300083A0000183410931400000000179814 MARIA LUIZA BORGES - ME       1400344600          20072020BRL000000000000000000000000385550                    00000000000000000000000                                          00010CC   0          
2370002300084B   203450575000102RUA DO MOTOR 487 A            487                 PRAIA DO MEIO  NATAL               59010090RN20072020000000000385550000000000000000000000000000000000000000000000000000000000000               0000000        
2370002300085A0000183890021300000020609573 HIDROMINAS SANTA MARIA IND E C1400344591          20072020BRL000000000000000000000000187239                    00000000000000000000000                                          00010CC   0          
2370002300086B   208418279000130AVENIDA DR LUIZ ANTONIO LINHA 00000               FONTE CAJUPIRANPARNAMIRIM          59150000RN20072020000000000187239000000000000000000000000000000000000000000000000000000000000               0000000        
2370002300087A0000187070000100000007080087 TAPUIO AGROPECUARIA LTDA      1400344619          20072020BRL000000000000000000000000829937                    00000000000000000000000                                          00010CC   0          
2370002300088B   240758310000194FAZENDA TAPUIO                00000               ZONA RURAL     TAIPU               59565000RN20072020000000000829937000000000000000000000000000000000000000000000000000000000000               0000000        
2370002300089A0000187070000100000007176017 GUARAVES ALIMENTOS LTDA       1400344589          20072020BRL000000000000000000000002895692                    00000000000000000000000                                          00010CC   0          
2370002300090B   212727145000178LOC SITIO SANTIAGO            00000               ZONA RURAL     GUARABIRA           58200000PB20072020000000002895692000000000000000000000000000000000000000000000000000000000000               0000000        
2370002300091A0000187070000100000007209020 COM DE LATICINIOS DE NATAL LTD1400344580          20072020BRL000000000000000000000002542854                    00000000000000000000000                                          00010CC   0          
2370002300092B   270322490000128RUA TENENTE PETROLINO DIOGO   251                 QUINTAS        NATAL               59060110RN20072020000000002542854000000000000000000000000000000000000000000000000000000000000               0000000        
2370002300093A0000187070000100000007329972 PRODUTOS LUCENA EIRELI ME     1400344611          20072020BRL000000000000000000000000910927                    00000000000000000000000                                          00010CC   0          
2370002300094B   201753639000100RUA AGNALDO GURGEL JUNIOR     10                  CANDELARIA     NATAL               59066030RN20072020000000000910927000000000000000000000000000000000000000000000000000000000000               0000000        
2370002300095A0000187450000100000001476025 POLENGHI IND ALIMENICIAS LTDA 1400344610          20072020BRL000000000000000000000001073499                    00000000000000000000000                                          00010CC   0          
2370002300096B   224949232000159RUA DR FERNANDES COELHO 10O AN64                  PARQUE SANTA FESAO PAULO           05423040SP20072020000000001073499000000000000000000000000000000000000000000000000000000000000               0000000        
2370002300097A0000187480210100000000035815 PLANALTO DO SOL COM REP HORTFR1400344608          20072020BRL000000000000000000000010571454                    00000000000000000000000                                          00010CC   0          
2370002300098B   212437694000108RODOVIA LOMANTO JUNIOR        00000               JOAO PAULO II  JUAZEIRO            48905480BA20072020000000010571454000000000000000000000000000000000000000000000000000000000000               0000000        
2370002300099A0000187480220700000000068110 RAIMUNDO NONATO BANDEIRA E SIL1400344612          20072020BRL000000000000000000000004938565                    00000000000000000000000                                          00010CC   0          
2370002300100B   210700821000194RUA NOSSA SENHORA DA GLORIA   321                 BOM PASTOR     NATAL               59060290RN20072020000000004938565000000000000000000000000000000000000000000000000000000000000               0000000        
23700025         000102000000000087184842000000000000000000000000                                                                                                                                                                               
23799999         000002000128000000                                                                                                                                                                                                             
