00100000         208030363000181002239074001417019  0343470000000034223 SUPERMERCADO NORDESTAO LTDA   BANCO DO BRASIL S.A.                    11306202012540102417808400000                                                                     
00100011R01  043 2008030363000181002239074001417019  0343470000000034223 SUPERMERCADO NORDESTAO LTDA                                                                                   000000001306202000000000                                 
0010001300001P 010343470000000034223 22390740000127131     2  000043844001   1207202000000000000882184400302N12062020300000000000000000000000000000000000000000000000000000000000000000000000000000006000052100931499512020 3003000090000000000 
0010001300002Q 012003247760000196MAIA E TAVARES LTDA                     AV AMINTAS BARROS 3300                  LAGOA NOVA     59075250NATAL          RN0000000000000000                                        000                            
0010001300003P 010343470000000034223 22390740000127125     2  000103237001   1207202000000000001634449651402N12062020300000000000000000000000000000000000000000000000000000000000000000000000000000006000052100931496512020 3003000090000000000 
0010001300004Q 012003247760000196MAIA E TAVARES LTDA                     AV AMINTAS BARROS 3300                  LAGOA NOVA     59075250NATAL          RN0000000000000000                                        000                            
0010001300005P 010343470000000034223 22390740000127129     2  000103242001   1207202000000000010142424200302N12062020300000000000000000000000000000000000000000000000000000000000000000000000000000006000078800931498282020 3003000090000000000 
0010001300006Q 012005087413000179PRISCILLA MACIEL BARROSO ME             AV PRUDENTE DE MORAIS 5974              TIROL          59064630NATAL          RN0000000000000000                                        000                            
0010001300007P 010343470000000034223 22390740000127121     2  000103213001   1207202000000000009022221300302N12062020300000000000000000000000000000000000000000000000000000000000000000000000000000006000094600931489212020 3003000090000000000 
0010001300008Q 012006224578000108POTENGI REFEICOES LTDA                  R JAGUARARI 2176                        CANDELARIA     59064500NATAL          RN0000000000000000                                        000                            
0010001300009P 010343470000000034223 22390740000127137     2  000014002      1207202000000000000908740585402N12062020300000000000000000000000000000000000000000000000000000000000000000000000000000006000135952075380202020 3003000090000000000 
0010001300010Q 012008755412000143SAL E BRASA BAR E REST ALIM E BEB L     AV ENGENHEIRO ROBERTO FREIRE 1070       CAPIM MACIO    59078600NATAL          RN0000000000000000                                        000                            
0010001300011P 010343470000000034223 22390740000127122     2  000489002      1207202000000000015338695199902N12062020300000000000000000000000000000000000000000000000000000000000000000000000000000006000151752075599622020 3003000090000000000 
0010001300012Q 012010328834000184MEIO DIA REFEICOES INDUSTRIAIS LTDA     R RIO PITIMBU 256                       EMAUS          59149120PARNAMIRIM     RN0000000000000000                                        000                            
0010001300013P 010343470000000034223 22390740000127123     2  000489002      1207202000000000003331995198902N12062020300000000000000000000000000000000000000000000000000000000000000000000000000000006000151752075599642020 3003000090000000000 
0010001300014Q 012010328834000184MEIO DIA REFEICOES INDUSTRIAIS LTDA     R RIO PITIMBU 256                       EMAUS          59149120PARNAMIRIM     RN0000000000000000                                        000                            
0010001300015P 010343470000000034223 22390740000127119     2  000043821001   1207202000000000003402382100302N12062020300000000000000000000000000000000000000000000000000000000000000000000000000000006000156800931489132020 3003000090000000000 
0010001300016Q 012010655938000101CAVALCANTE CIA LTDA EPP                 AV DAS FRONTEIRAS 65 LJ 07 SN           IGAPO          59104345NATAL          RN0000000000000000                                        000                            
0010001300017P 010343470000000034223 22390740000127132     2  000103259001   1207202000000000007970625900302N12062020300000000000000000000000000000000000000000000000000000000000000000000000000000006000421600931503652020 3003000090000000000 
0010001300018Q 012008337586000196HOSPITAL INFANTIL VARELA SANTIAGO       AVENIDA DEODORO DA FONSECA 498          CIDADE ALTA    59025600NATAL          RN0000000000000000                                        000                            
0010001300019P 010343470000000034223 22390740000127124     2  000248751001   1906202000000000015300049641402N12062020300000000000000000000000000000000000000000000000000000000000000000000000000000006000483800931496412020 3003000090000000000 
0010001300020Q 012007982370000110B M M DANTAS ME                         ROD BR 427 A                            WALFREDO GURGEL59300000CAICO          RN0000000000000000                                        000                            
0010001300021P 010343470000000034223 22390740000127126     2  000248754001   2706202000000000026400049656402N12062020300000000000000000000000000000000000000000000000000000000000000000000000000000006000666600931496562020 3003000090000000000 
0010001300022Q 012024706990000308A D INDUSTRIA E COMERCIO DE             R CHILE 209                             RIBEIRA        59012250NATAL          RN0000000000000000                                        000                            
00100015         00002400000000000000000000000000000000000000000000000000000000000000000000000000000000000000000000                                                                                                                             
00199999         000001000026000000                                                                                                                                                                                                             
