00100000         208030363000181002239074001417019  0343470000000034223 SUPERMERCADO NORDESTAO LTDA   BANCO DO BRASIL S.A.                    11206202013372402417608400000                                                                     
00100011R01  043 2008030363000181002239074001417019  0343470000000034223 SUPERMERCADO NORDESTAO LTDA                                                                                   000000001206202000000000                                 
0010001300001P 010343470000000034223 22390740000127111     2  000075727001   1806202000000000000942572700502N11062020300000000000000000000000000000000000000000000000000000000000000000000000000000006000028500931449212020 3003000090000000000 
0010001300002Q 012002291660000102L D NUNES EPP                           R ARTUR ARAUJO SN                       MANGABEIRA     59280000MACAIBA        RN0000000000000000                                        000                            
0010001300003P 010343470000000034223 22390740000127114     2  000103202001   1107202000000000013170020200302N11062020300000000000000000000000000000000000000000000000000000000000000000000000000000006000090800931458992020 3003000090000000000 
0010001300004Q 012006012706000150CAMAROES DO SERTAO COMERCIO LTDA        R PEDRO FONSECA FILHO 8887              PONTA NEGRA    59090080NATAL          RN0000000000000000                                        000                            
0010001300005P 010343470000000034223 22390740000127115     2  000103203001   1107202000000000001439620300302N11062020300000000000000000000000000000000000000000000000000000000000000000000000000000006000092900931459002020 3003000090000000000 
0010001300006Q 012006123006000132LUIZ SIZENANDO DANTAS SEGUNDO           AV SENADOR DINARTE MARIZ 229            PARQUE DAS DUNA59090002NATAL          RN0000000000000000                                        000                            
0010001300007P 010343470000000034223 22390740000127113     2  000103201001   1107202000000000005989220100302N11062020300000000000000000000000000000000000000000000000000000000000000000000000000000006000128200931458982020 3003000090000000000 
0010001300008Q 012008402943001809GUARARAPES CONFECCOES SA                ROD RN 160 KM 03 SN BL A 0              DISTRITO INDUST59100970NATAL          RN0000000000000000                                        000                            
0010001300009P 010343470000000034223 22390740000127116     2  000103204001   1107202000000000004801420400302N11062020300000000000000000000000000000000000000000000000000000000000000000000000000000006000209300931459022020 3003000090000000000 
0010001300010Q 012023890129000118G R HOTELARIA LTDA EPP                  R JOAO XXIII 1619                       MAE LUIZA      59014000NATAL          RN0000000000000000                                        000                            
0010001300011P 010343470000000034223 22390740000127112     2  000103200001   1107202000000000004300820000302N11062020300000000000000000000000000000000000000000000000000000000000000000000000000000006000209700931458962020 3003000090000000000 
0010001300012Q 012024015938000143MAMMA ITALIA RESTAURANTE EIRELI         AV GOVERNADOR SILVIO PED 43 TERRE 7     AREIA PRETA    59014100NATAL          RN0000000000000000                                        000                            
0010001300013P 010343470000000034223 22390740000127003     2  203006001      3006202000000000002800060184602N11062020300000000000000000000000000000000000000000000000000000000000000000000000000000006000301116005184912020 3003000090000000000 
0010001300014Q 012001006443000152COND RESID ELIS REGINA                  R DAS MARGARIDAS 1255                   TIROL          59020580NATAL          RN0000000000000000                                        000                            
0010001300015P 010343470000000034223 22390740000127117     2  000489002      1107202000000000006589191952902N11062020300000000000000000000000000000000000000000000000000000000000000000000000000000006000725852075509352020 3003000090000000000 
0010001300016Q 012024388054000134CESARIA CAVALCANTI DE SANTANA           AVENIDA DEPUTADO MARCIO MARINHO 123     PIRANGI DO NORT59161250PARNAMIRIM     RN0000000000000000                                        000                            
0010001300017P 010343470000000034223 22390740000127128     2  000041002      1007202000000000001321418409102N10062020300000000000000000000000000000000000000000000000000000000000000000000000000000006000814452075175722020 3003000090000000000 
0010001300018Q 012026094031000142RESTAURANTE EXPRESS LTDA                AV PRAIA DE PONTA NEGRA 8916            PONTA NEGRA    59094100NATAL          RN0000000000000000                                        000                            
00100015         00002000000000000000000000000000000000000000000000000000000000000000000000000000000000000000000000                                                                                                                             
00199999         000001000022000000                                                                                                                                                                                                             
