00100000         208030363000181002239074001417019  0343470000000034223 SUPERMERCADO NORDESTAO LTDA   BANCO DO BRASIL S.A.                    11006202011483902413108400000                                                                     
00100011R01  043 2008030363000181002239074001417019  0343470000000034223 SUPERMERCADO NORDESTAO LTDA                                                                                   000000001006202000000000                                 
0010001300001P 010343470000000034223 22390740000126925     2  000103041001   0907202000000000015669104100302N09062020300000000000000000000000000000000000000000000000000000000000000000000000000000006000009200931362762020 3003000090000000000 
0010001300002Q 012001002248000154CAMAROES RESTAURANTE LTDA               AV ENGENHEIRO ROBERTO F 3980 LOT2 0     PONTA NEGRA    59090000NATAL          RN0000000000000000                                        000                            
0010001300003P 010343470000000034223 22390740000126935     2  000103052001   0907202000000000036039505200302N09062020300000000000000000000000000000000000000000000000000000000000000000000000000000006000018000931363282020 3003000090000000000 
0010001300004Q 012001611866000100P J REFEICOES COLETIVAS LTDA EPP        R JOAO FRANCISCO DE OLIVEIRA 32         DIXSEPT ROSADO 59052140NATAL          RN0000000000000000                                        000                            
0010001300005P 010343470000000034223 22390740000126919     2  000103054001   0907202000000000013557605400302N09062020300000000000000000000000000000000000000000000000000000000000000000000000000000006000018000931363422020 3003000090000000000 
0010001300006Q 012001611866000100P J REFEICOES COLETIVAS LTDA EPP        R JOAO FRANCISCO DE OLIVEIRA 32         DIXSEPT ROSADO 59052140NATAL          RN0000000000000000                                        000                            
0010001300007P 010343470000000034223 22390740000126940     2  000030277001   1006202000000000000312527700002N23052020300000000000000000000000000000000000000000000000000000000000000000000000000000006000028500930472902020 3003000090000000000 
0010001300008Q 012002291660000102L D NUNES EPP                           R ARTUR ARAUJO SN                       MANGABEIRA     59280000MACAIBA        RN0000000000000000                                        000                            
0010001300009P 010343470000000034223 22390740000126942     2  000074397001   1006202000000000002867339700402N23052020300000000000000000000000000000000000000000000000000000000000000000000000000000006000028500930475352020 3003000090000000000 
0010001300010Q 012002291660000102L D NUNES EPP                           R ARTUR ARAUJO SN                       MANGABEIRA     59280000MACAIBA        RN0000000000000000                                        000                            
0010001300011P 010343470000000034223 22390740000126941     2  000050790001   1006202000000000001381279000002N23052020300000000000000000000000000000000000000000000000000000000000000000000000000000006000028500930473092020 3003000090000000000 
0010001300012Q 012002291660000102L D NUNES EPP                           R ARTUR ARAUJO SN                       MANGABEIRA     59280000MACAIBA        RN0000000000000000                                        000                            
0010001300013P 010343470000000034223 22390740000126933     2  000103050001   0907202000000000012435205000302N09062020300000000000000000000000000000000000000000000000000000000000000000000000000000006000052100931363212020 3003000090000000000 
0010001300014Q 012003247760000196MAIA E TAVARES LTDA                     AV AMINTAS BARROS 3300                  LAGOA NOVA     59075250NATAL          RN0000000000000000                                        000                            
0010001300015P 010343470000000034223 22390740000126853     2  000487002      0907202000000000026112472474702N09062020300000000000000000000000000000000000000000000000000000000000000000000000000000006000090352075127822020 3003000090000000000 
0010001300016Q 012005999413000145PUDO E GUERRA EMPREENDIMENTOS LTDA      R LUCIA VIVEIROS SN MOTEL               NEOPOLIS       59086005NATAL          RN0000000000000000                                        000                            
0010001300017P 010343470000000034223 22390740000126854     2  000487002      0907202000000000001900072475702N09062020300000000000000000000000000000000000000000000000000000000000000000000000000000006000090352075127842020 3003000090000000000 
0010001300018Q 012005999413000145PUDO E GUERRA EMPREENDIMENTOS LTDA      R LUCIA VIVEIROS SN MOTEL               NEOPOLIS       59086005NATAL          RN0000000000000000                                        000                            
0010001300019P 010343470000000034223 22390740000126926     2  000103042001   0907202000000000000703004200302N09062020300000000000000000000000000000000000000000000000000000000000000000000000000000006000090800931362842020 3003000090000000000 
0010001300020Q 012006012706000150CAMAROES DO SERTAO COMERCIO LTDA        R PEDRO FONSECA FILHO 8887              PONTA NEGRA    59090080NATAL          RN0000000000000000                                        000                            
0010001300021P 010343470000000034223 22390740000126931     2  000103048001   0907202000000000019257704800302N09062020300000000000000000000000000000000000000000000000000000000000000000000000000000006000092900931363152020 3003000090000000000 
0010001300022Q 012006123006000132LUIZ SIZENANDO DANTAS SEGUNDO           AV SENADOR DINARTE MARIZ 229            PARQUE DAS DUNA59090002NATAL          RN0000000000000000                                        000                            
0010001300023P 010343470000000034223 22390740000126920     2  000103035001   0907202000000000029188003500302N09062020300000000000000000000000000000000000000000000000000000000000000000000000000000006000094200931362542020 3003000090000000000 
0010001300024Q 012006179494000108IND ALIM ESPECIARIAS COND SM LTDA M     ROD BR 304 SN KM301 L34 567             DISTRITO INDUST59280000MACAIBA        RN0000000000000000                                        000                            
0010001300025P 010343470000000034223 22390740000126917     2  000103047001   0907202000000000010908904700302N09062020300000000000000000000000000000000000000000000000000000000000000000000000000000006000094200931363042020 3003000090000000000 
0010001300026Q 012006179494000108IND ALIM ESPECIARIAS COND SM LTDA M     ROD BR 304 SN KM301 L34 567             DISTRITO INDUST59280000MACAIBA        RN0000000000000000                                        000                            
0010001300027P 010343470000000034223 22390740000126842     2  000038002      0907202000000000002158784000802N09062020300000000000000000000000000000000000000000000000000000000000000000000000000000006000094652075128552020 3003000090000000000 
0010001300028Q 012006224578000108POTENGI REFEICOES LTDA                  R JAGUARARI 2176                        CANDELARIA     59064500NATAL          RN0000000000000000                                        000                            
0010001300029P 010343470000000034223 22390740000126929     2  000103045001   0907202000000000003405404500302N09062020300000000000000000000000000000000000000000000000000000000000000000000000000000006000117400931362942020 3003000090000000000 
0010001300030Q 012008040438000105RB COMERCIO DE ALIMENTOS EIRELI         AV AFONSO PENA 444                      PETROPOLIS     59020100NATAL          RN0000000000000000                                        000                            
0010001300031P 010343470000000034223 22390740000126908     2  000026002      0907202000000000006212361384602N09062020300000000000000000000000000000000000000000000000000000000000000000000000000000006000129852074110922020 3003000090000000000 
0010001300032Q 012008432692000159PRODUMAR EXPORTADORA PROD DO MAR        RUA CHILE 128                           RIBEIRA        59012250NATAL          RN0000000000000000                                        000                            
0010001300033P 010343470000000034223 22390740000126851     2  000028002      0907202000000000005771986553802N09062020300000000000000000000000000000000000000000000000000000000000000000000000000000006000134452075043662020 3003000090000000000 
0010001300034Q 012008688103000106BUFFET SM LTDA                          R JAGUARARI 1384                        BARRO VERMELHO 59030500NATAL          RN0000000000000000                                        000                            
0010001300035P 010343470000000034223 22390740000126914     2  000487002      0907202000000000007528276141702N09062020300000000000000000000000000000000000000000000000000000000000000000000000000000006000134452075255292020 3003000090000000000 
0010001300036Q 012008688103000106BUFFET SM LTDA                          R JAGUARARI 1384                        BARRO VERMELHO 59030500NATAL          RN0000000000000000                                        000                            
0010001300037P 010343470000000034223 22390740000126932     2  000103049001   0907202000000000012287004900302N09062020300000000000000000000000000000000000000000000000000000000000000000000000000000006000135900931363192020 3003000090000000000 
0010001300038Q 012008755412000143SAL E BRASA BAR E REST ALIM E BEB L     AV ENGENHEIRO ROBERTO FREIRE 1070       CAPIM MACIO    59078600NATAL          RN0000000000000000                                        000                            
0010001300039P 010343470000000034223 22390740000126852     2  000487002      0907202000000000014466173730702N09062020300000000000000000000000000000000000000000000000000000000000000000000000000000006000151552075189492020 3003000090000000000 
0010001300040Q 012010298439000104ALTO DA SERRA EMPREENDIMENTO TUR L      R SALVINO GOMES CRIZANTO SN             CENTRO         59214000SERRA DE SAO BERN0000000000000000                                        000                            
0010001300041P 010343470000000034223 22390740000126848     2  000487002      0907202000000000004616071582702N09062020300000000000000000000000000000000000000000000000000000000000000000000000000000006000156852074346972020 3003000090000000000 
0010001300042Q 012010655938000101CAVALCANTE CIA LTDA EPP                 AV DAS FRONTEIRAS 65 LJ 07 SN           IGAPO          59104345NATAL          RN0000000000000000                                        000                            
0010001300043P 010343470000000034223 22390740000126844     2  000075510001   0907202000000000000823733615302N09062020300000000000000000000000000000000000000000000000000000000000000000000000000000006000189100931336152020 3003000090000000000 
0010001300044Q 012016670649000230G3 ALIMENTOS LTDA                       AV ODILON GOMES DE LIMA 1772 1700       CAPIM MACIO    59078400NATAL          RN0000000000000000                                        000                            
0010001300045P 010343470000000034223 22390740000126934     2  000103051001   0907202000000000015192205100302N09062020300000000000000000000000000000000000000000000000000000000000000000000000000000006000189100931363232020 3003000090000000000 
0010001300046Q 012016670649000230G3 ALIMENTOS LTDA                       AV ODILON GOMES DE LIMA 1772 1700       CAPIM MACIO    59078400NATAL          RN0000000000000000                                        000                            
0010001300047P 010343470000000034223 22390740000126927     2  000103043001   0907202000000000003650404300302N09062020300000000000000000000000000000000000000000000000000000000000000000000000000000006000207100931362862020 3003000090000000000 
0010001300048Q 012022635737000113G N HOTELARIA LTDA EPP                  R DOUTOR OSVALDO FORTES DO REGO 364     PONTA NEGRA    59092560NATAL          RN0000000000000000                                        000                            
0010001300049P 010343470000000034223 22390740000126921     2  000103036001   0907202000000000005763903600302N09062020300000000000000000000000000000000000000000000000000000000000000000000000000000006000207200931362582020 3003000090000000000 
0010001300050Q 012022666816000191COSTA ESMERALDA VAREJISTA ALIM EIRE     AV DEPUTADO ANTONIO FLORENCIO 12        PONTA NEGRA    59092500NATAL          RN0000000000000000                                        000                            
0010001300051P 010343470000000034223 22390740000126895     2  009062020001   3006202000000000002455520201002N09062020300000000000000000000000000000000000000000000000000000000000000000000000000000006000344216005178932020 3003000090000000000 
0010001300052Q 012019249354000100W DE ALMEIDA JR SERV ODONTOLOGICOS      R CORONEL JOAQUIM MA 615 SALA 1207      CANDELARIA     59012330NATAL          RN0000000000000000                                        000                            
0010001300053P 010343470000000034223 22390740000126923     2  000103038001   0907202000000000002411403800302N09062020300000000000000000000000000000000000000000000000000000000000000000000000000000006000384200931362642020 3003000090000000000 
0010001300054Q 012027082500000176ROMAPRAIA HOTELARIA EIRELI ME           RUA RODRIGUES DIAS 280                  PRAIA DO MEIO  59010050NATAL          RN0000000000000000                                        000                            
0010001300055P 010343470000000034223 22390740000126830     2  000028002      0907202000000000005116488890802N09062020300000000000000000000000000000000000000000000000000000000000000000000000000000006000385652074893382020 3003000090000000000 
0010001300056Q 012018882460000156QRP RESTAURANTE LTDAME                  RUA DESEMBARGADOR JOAO VICENTE 8878     PONTA NEGRA    59090060NATAL          RN0000000000000000                                        000                            
0010001300057P 010343470000000034223 22390740000126896     2  000487002      0907202000000000013981074800702N09062020300000000000000000000000000000000000000000000000000000000000000000000000000000006000476352075194732020 3003000090000000000 
0010001300058Q 012022040344000167B M LANCHONETES E BOLOS LTDA            AVENIDA MIGUEL CASTRO 726               LAGOA NOVA     59075740NATAL          RN0000000000000000                                        000                            
0010001300059P 010343470000000034223 22390740000126850     2  000248271001   1606202000000000023100027100802N09062020300000000000000000000000000000000000000000000000000000000000000000000000000000006000483800931341222020 3003000090000000000 
0010001300060Q 012007982370000110B M M DANTAS ME                         ROD BR 427 A                            WALFREDO GURGEL59300000CAICO          RN0000000000000000                                        000                            
0010001300061P 010343470000000034223 22390740000126915     2  000103034001   0907202000000000027000003400302N09062020300000000000000000000000000000000000000000000000000000000000000000000000000000006000508400931362472020 3003000090000000000 
0010001300062Q 012008277717000197POSTO PINHEIRO BORGES LTDA              AVENIDA PILOTO PEREIRA TIM 617          PARQUE DE EXPOS59146480PARNAMIRIM     RN0000000000000000                                        000                            
0010001300063P 010343470000000034223 22390740000126930     2  000103046001   0907202000000000006326404600302N09062020300000000000000000000000000000000000000000000000000000000000000000000000000000006000521700931362982020 3003000090000000000 
0010001300064Q 012022685526000357JBMM RESTAURANTE E PIZZARIA LTDA        AV ENGENHEIRO ROBERTO FREIRE 1912       CAPIM MACIO    59082095NATAL          RN0000000000000000                                        000                            
0010001300065P 010343470000000034223 22390740000126937     2  000103056001   0907202000000000004709405600302N09062020300000000000000000000000000000000000000000000000000000000000000000000000000000006000600800931363562020 3003000090000000000 
0010001300066Q 012019659711000109D R M CUNHA COMERCIO DE                 TV ROMUALDO GALVAO 2708                 LAGOA NOVA     59056105NATAL          RN0000000000000000                                        000                            
0010001300067P 010343470000000034223 22390740000126916     2  000103039001   0907202000000000011999003900302N09062020300000000000000000000000000000000000000000000000000000000000000000000000000000006000607800931362702020 3003000090000000000 
0010001300068Q 012040798092000111BRITO E OLIVEIRA LTDA                   R JAGUARARI 1848                        LAGOA NOVA     59054150NATAL          RN0000000000000000                                        000                            
0010001300069P 010343470000000034223 22390740000126845     2  000487002      0907202000000000008727871584702N09062020300000000000000000000000000000000000000000000000000000000000000000000000000000006000608152074760292020 3003000090000000000 
0010001300070Q 012076592542001053IVAI ENGENHARIA DE OBRAS                R DOUTOR HERACLITO VILAR 527            CENTRO         59280000MACAIBA        RN0000000000000000                                        000                            
0010001300071P 010343470000000034223 22390740000126918     2  000103053001   0907202000000000006640305300302N09062020300000000000000000000000000000000000000000000000000000000000000000000000000000006000616600931363342020 3003000090000000000 
0010001300072Q 012034839417000164THOME GALERIA BISTRO LTDA               AV HERMES DA FONSECA 1062               TIROL          59020145NATAL          RN0000000000000000                                        000                            
0010001300073P 010343470000000034223 22390740000126922     2  000103037001   0907202000000000025957003700302N09062020300000000000000000000000000000000000000000000000000000000000000000000000000000006000629100931362612020 3003000090000000000 
0010001300074Q 012031654136000149NEW ROMA HOTELARIA EIRELI               R BRUNO PEREIRA 9                       CANDELARIA     59066210NATAL          RN0000000000000000                                        000                            
0010001300075P 010343470000000034223 22390740000126938     2  000103057001   0907202000000000034893205700302N09062020300000000000000000000000000000000000000000000000000000000000000000000000000000006000629100931363622020 3003000090000000000 
0010001300076Q 012031654136000149NEW ROMA HOTELARIA EIRELI               R BRUNO PEREIRA 9                       CANDELARIA     59066210NATAL          RN0000000000000000                                        000                            
0010001300077P 010343470000000034223 22390740000126855     2  000248378001   2406202000000000043200037800802N09062020300000000000000000000000000000000000000000000000000000000000000000000000000000006000666600931343642020 3003000090000000000 
0010001300078Q 012024706990000308A D INDUSTRIA E COMERCIO DE             R CHILE 209                             RIBEIRA        59012250NATAL          RN0000000000000000                                        000                            
0010001300079P 010343470000000034223 22390740000126928     2  000103044001   0907202000000000002590804400302N09062020300000000000000000000000000000000000000000000000000000000000000000000000000000006000691600931362932020 3003000090000000000 
0010001300080Q 012033073564000103JBR COMERCIO DE ALIMENTOS LTDA          AVENIDA SENADOR SALGADO FILHO 1687      LAGOA NOVA     59056000NATAL          RN0000000000000000                                        000                            
0010001300081P 010343470000000034223 22390740000126945     2  203105001      0906202000000000006200050749502N12052020300000000000000000000000000000000000000000000000000000000000000000000000000000006000715016005153622020 3003000090000000000 
0010001300082Q 012003343722000137CONDOMINIO NILZA LOPES                  AV ROMUALDO GALVAO 2188                 LAGOA NOVA     59031100LAGOA NOVA     RN0000000000000000                                        000                            
0010001300083P 010343470000000034223 22390740000126924     2  000103040001   0907202000000000055987004000302N09062020300000000000000000000000000000000000000000000000000000000000000000000000000000006000735800931362742020 3003000090000000000 
0010001300084Q 012006012706000230CAMAROES DO SERTAO COMERCIO LTDA        R DOUTOR ISRAEL NUNES 462               NOVA DESCOBERTA59056370NATAL          RN0000000000000000                                        000                            
0010001300085P 010343470000000034223 22390740000126936     2  000103055001   0907202000000000006759805500302N09062020300000000000000000000000000000000000000000000000000000000000000000000000000000006000814400931363502020 3003000090000000000 
0010001300086Q 012026094031000142RESTAURANTE EXPRESS LTDA                AV PRAIA DE PONTA NEGRA 8916            PONTA NEGRA    59094100NATAL          RN0000000000000000                                        000                            
00100015         00008800000000000000000000000000000000000000000000000000000000000000000000000000000000000000000000                                                                                                                             
00199999         000001000090000000                                                                                                                                                                                                             
