00100000         208030363000181002239074001417019  0343470000000034223 SUPERMERCADO NORDESTAO LTDA   BANCO DO BRASIL S.A.                    11106202011272602416808400000                                                                     
00100011R01  043 2008030363000181002239074001417019  0343470000000034223 SUPERMERCADO NORDESTAO LTDA                                                                                   000000001106202000000000                                 
0010001300001P 010343470000000034223 22390740000127096     2  203006001      3006202000000000107382160085602N10062020300000000000000000000000000000000000000000000000000000000000000000000000000000006000027016005185302020 3003000090000000000 
0010001300002Q 012002201535000156NATAL TECNOLOGIA DE SEGURANCA LTDA      AV ODILON GOMES DE LIMA 1716            CAPIM MACIO    59078400NATAL          RN0000000000000000                                        000                            
0010001300003P 010343470000000034223 22390740000127097     2  202906001      2506202000000000021700060078602N10062020300000000000000000000000000000000000000000000000000000000000000000000000000000006000048216005185292020 3003000090000000000 
0010001300004Q 012002945622000118NATALCON ADM CONDOMINIAL LTDA           R JACAUNA 1                             LAGOA SECA     59022360NATAL          RN0000000000000000                                        000                            
0010001300005P 010343470000000034223 22390740000126951     2  202006001      2206202000000000126156601421602N10062020300000000000000000000000000000000000000000000000000000000000000000000000000000006000056216005185182020 3003000090000000000 
0010001300006Q 012003591097000142SERVICO SOCIAL DO COMERCIO SESC A       R CORONEL BEZERRA 33 CID ALTA           CIDADE ALTA    59025070NATAL          RN0000000000000000                                        000                            
0010001300007P 010343470000000034223 22390740000126960     2  000103145001   1007202000000000000394014500302N10062020300000000000000000000000000000000000000000000000000000000000000000000000000000006000090800931397192020 3003000090000000000 
0010001300008Q 012006012706000150CAMAROES DO SERTAO COMERCIO LTDA        R PEDRO FONSECA FILHO 8887              PONTA NEGRA    59090080NATAL          RN0000000000000000                                        000                            
0010001300009P 010343470000000034223 22390740000126954     2  005000001      2506202000000000002202009361002N30042020300000000000000000000000000000000000000000000000000000000000000000000000000000006000136800929543662020 3003000090000000000 
0010001300010Q 012008811226001903SAO BRAZ SA IND E COM ALIMENTOS         RODOVIA BR 230 SN KM 132                BESSA          58310000CABEDELO       RN0000000000000000                                        000                            
0010001300011P 010343470000000034223 22390740000126953     2  005000001      2506202000000000012522809385002N28042020300000000000000000000000000000000000000000000000000000000000000000000000000000006000136800929597162020 3003000090000000000 
0010001300012Q 012008811226001903SAO BRAZ SA IND E COM ALIMENTOS         RODOVIA BR 230 SN KM 132                BESSA          58310000CABEDELO       RN0000000000000000                                        000                            
0010001300013P 010343470000000034223 22390740000126955     2  005000001      2007202000000000003973009445002N12052020300000000000000000000000000000000000000000000000000000000000000000000000000000006000136800930148632020 3003000090000000000 
0010001300014Q 012008811226001903SAO BRAZ SA IND E COM ALIMENTOS         RODOVIA BR 230 SN KM 132                BESSA          58310000CABEDELO       RN0000000000000000                                        000                            
0010001300015P 010343470000000034223 22390740000126956     2  005000001      2007202000000000006279009446002N12052020300000000000000000000000000000000000000000000000000000000000000000000000000000006000136800930148642020 3003000090000000000 
0010001300016Q 012008811226001903SAO BRAZ SA IND E COM ALIMENTOS         RODOVIA BR 230 SN KM 132                BESSA          58310000CABEDELO       RN0000000000000000                                        000                            
0010001300017P 010343470000000034223 22390740000126959     2  VC0000001      2506202000000000030000012347002N10062020300000000000000000000000000000000000000000000000000000000000000000000000000000006000136851019686252020 3003000090000000000 
0010001300018Q 012008811226001903SAO BRAZ SA IND E COM ALIMENTOS         RODOVIA BR 230 SN KM 132                BESSA          58310000CABEDELO       RN0000000000000000                                        000                            
0010001300019P 010343470000000034223 22390740000126958     2  VC0000001      2506202000000000020000012348002N10062020300000000000000000000000000000000000000000000000000000000000000000000000000000006000136851019686262020 3003000090000000000 
0010001300020Q 012008811226001903SAO BRAZ SA IND E COM ALIMENTOS         RODOVIA BR 230 SN KM 132                BESSA          58310000CABEDELO       RN0000000000000000                                        000                            
0010001300021P 010343470000000034223 22390740000126949     2  000010002      1007202000000000000930009399002N10062020300000000000000000000000000000000000000000000000000000000000000000000000000000006000143352075381152020 3003000090000000000 
0010001300022Q 012009215133000150CORAL PLAZA ADM HOTEL LTDA              R FRANCISCO GURGEL 9005                 PONTA NEGRA    59090050NATAL          RN0000000000000000                                        000                            
0010001300023P 010343470000000034223 22390740000126946     2  000103092001   1007202000000000003320009200302N10062020300000000000000000000000000000000000000000000000000000000000000000000000000000006000269500931391062020 3003000090000000000 
0010001300024Q 012070044482000167ANTONIO JOSE HOLF JUNIOR ME             AV PRAIA DE PONTA NE 5896 A FUND 88     PONTA NEGRA    59092100NATAL          RN0000000000000000                                        000                            
0010001300025P 010343470000000034223 22390740000126947     2  000103093001   1007202000000000008046509300302N10062020300000000000000000000000000000000000000000000000000000000000000000000000000000006000269500931391072020 3003000090000000000 
0010001300026Q 012070044482000167ANTONIO JOSE HOLF JUNIOR ME             AV PRAIA DE PONTA NE 5896 A FUND 88     PONTA NEGRA    59092100NATAL          RN0000000000000000                                        000                            
0010001300027P 010343470000000034223 22390740000126981     2  203006001      3006202000000000001550060352602N10062020300000000000000000000000000000000000000000000000000000000000000000000000000000006000298416005185642020 3003000090000000000 
0010001300028Q 012000288925000180COND EDIFICIO CIBAUMA                   R RITA PEREIRA DE MACEDO 300            TIROL          59022140NATAL          RN0000000000000000                                        000                            
0010001300029P 010343470000000034223 22390740000126995     2  203006001      3006202000000000001300060100602N10062020300000000000000000000000000000000000000000000000000000000000000000000000000000006000298816005185312020 3003000090000000000 
0010001300030Q 012000352420000137COND MARES DO SUL                       R MISSIONARIO JOEL CARLSON 1883         CAPIM MACIO    59082130NATAL          RN0000000000000000                                        000                            
0010001300031P 010343470000000034223 22390740000127065     2  203006001      3006202000000000001550060397602N10062020300000000000000000000000000000000000000000000000000000000000000000000000000000006000298916005169562020 3003000090000000000 
0010001300032Q 012000358684000106CONDOMINIO RESIDENCIAL EUCLIDES LIR     R ISMAEL PEREIRA DA SILVA 1509          CAPIM MACIO    59082000NATAL          RN0000000000000000                                        000                            
0010001300033P 010343470000000034223 22390740000127043     2  203006001      3006202000000000001550060714602N10062020300000000000000000000000000000000000000000000000000000000000000000000000000000006000299216005186462020 3003000090000000000 
0010001300034Q 012000490447000196CONDOMINIO EDIFICIO GRECIA              R DA SAUDADE 705                        LAGOA NOVA     59056400NATAL          RN0000000000000000                                        000                            
0010001300035P 010343470000000034223 22390740000126974     2  203006001      3006202000000000003100060111602N10062020300000000000000000000000000000000000000000000000000000000000000000000000000000006000299516005185332020 3003000090000000000 
0010001300036Q 012000587104000144COND EDF NASSAU                         R NOEL ROSA 856                         BARRO VERMELHO 59030580NATAL          RN0000000000000000                                        000                            
0010001300037P 010343470000000034223 22390740000127000     2  203006001      3006202000000000020150060377602N10062020300000000000000000000000000000000000000000000000000000000000000000000000000000006000299816005185682020 3003000090000000000 
0010001300038Q 012000649329000188COND PARQUE RESIDENCIAL SERRAMBI II     R ESCRITOR EULICIO DE FARIAS L 1630     PONTA NEGRA    59091170NATAL          RN0000000000000000                                        000                            
0010001300039P 010343470000000034223 22390740000127020     2  203006001      3006202000000000007750060552602N10062020300000000000000000000000000000000000000000000000000000000000000000000000000000006000300116005186132020 3003000090000000000 
0010001300040Q 012000738556000180COND RESIDENCIAL LUDWING VAN BEETHO     AV RUI BARBOSA 830                      TIROL          59056300NATAL          RN0000000000000000                                        000                            
0010001300041P 010343470000000034223 22390740000126998     2  203006001      3006202000000000006600060161602N10062020300000000000000000000000000000000000000000000000000000000000000000000000000000006000300316005183842020 3003000090000000000 
0010001300042Q 012000771503000160COND OLIVEIRA PINTO                     AV PRUDENTE DE MORAIS 1116              LAGOA NOVA     59020400NATAL          RN0000000000000000                                        000                            
0010001300043P 010343470000000034223 22390740000127064     2  203006001      3006202000000000003100060638602N10062020300000000000000000000000000000000000000000000000000000000000000000000000000000006000301516005185962020 3003000090000000000 
0010001300044Q 012001161230000103CONDOMINIO RESIDENCIAL ELIA BARROS      AV GOVERNADOR SILVIO PEDROZA SN         AREIA PRETA    59014100NATAL          RN0000000000000000                                        000                            
0010001300045P 010343470000000034223 22390740000127050     2  203006001      3006202000000000006200060601602N10062020300000000000000000000000000000000000000000000000000000000000000000000000000000006000301616005186222020 3003000090000000000 
0010001300046Q 012001205979000105CONDOMINIO ILHA VERDE                   R PASTOR GABINO BRELAZ 1401             CAPIM MACIO    59082010NATAL          RN0000000000000000                                        000                            
0010001300047P 010343470000000034223 22390740000126971     2  203006001      3006202000000000007750060219602N10062020300000000000000000000000000000000000000000000000000000000000000000000000000000006000302816005185492020 3003000090000000000 
0010001300048Q 012001766348000157COND EDF GRANVILLE                      R MAJOR LAURENTINO DE MORAIS 1224       TIROL          59020390NATAL          RN0000000000000000                                        000                            
0010001300049P 010343470000000034223 22390740000127075     2  203006001      3006202000000000007750060704602N10062020300000000000000000000000000000000000000000000000000000000000000000000000000000006000303316005186422020 3003000090000000000 
0010001300050Q 012002124389000102CONDOMINIO RESIDENCIAL NAJWA            R JOAQUIM FAGUNDES 744                  TIROL          59022500NATAL          RN0000000000000000                                        000                            
0010001300051P 010343470000000034223 22390740000127073     2  203006001      3006202000000000007750060469602N10062020300000000000000000000000000000000000000000000000000000000000000000000000000000006000303916005186012020 3003000090000000000 
0010001300052Q 012002270892000176CONDOMINIO RESIDENCIAL MARIA OLGA       AV GOVERNADOR SILVIO PEDROZA 314        AREIA PRETA    59014100NATAL          RN0000000000000000                                        000                            
0010001300053P 010343470000000034223 22390740000127010     2  203006001      3006202000000000009300060138602N10062020300000000000000000000000000000000000000000000000000000000000000000000000000000006000304216005185382020 3003000090000000000 
0010001300054Q 012002429763000188COND RESID OTON OSORIO                  R POTENGI 544                           PETROPOLIS     59020030NATAL          RN0000000000000000                                        000                            
0010001300055P 010343470000000034223 22390740000127070     2  203006001      3006202000000000007750060474602N10062020300000000000000000000000000000000000000000000000000000000000000000000000000000006000304416005186082020 3003000090000000000 
0010001300056Q 012002456026000174CONDOMINIO RESIDENCIAL LA FONTANA       R DESEMBARGADOR MONTENEGRO 438          BARRO VERMELHO 59022640NATAL          RN0000000000000000                                        000                            
0010001300057P 010343470000000034223 22390740000127053     2  203006001      3006202000000000001250060369602N10062020300000000000000000000000000000000000000000000000000000000000000000000000000000006000304516005185662020 3003000090000000000 
0010001300058Q 012002491685000141CONDOMINIO PARQUE DAS FLORES            AV AYRTON SENNA 254                     CAPIM MACIO    59080100NATAL          RN0000000000000000                                        000                            
0010001300059P 010343470000000034223 22390740000126973     2  203006001      3006202000000000007750060220602N10062020300000000000000000000000000000000000000000000000000000000000000000000000000000006000304716005185502020 3003000090000000000 
0010001300060Q 012002571465000128COND EDF MORADA DO SOL NASCENTE         AV HERMES DA FONSECA 1444               TIROL          59020000NATAL          RN0000000000000000                                        000                            
0010001300061P 010343470000000034223 22390740000127006     2  203006001      3006202000000000001550060199602N10062020300000000000000000000000000000000000000000000000000000000000000000000000000000006000304816005183752020 3003000090000000000 
0010001300062Q 012002582910000155COND RESID MANOEL PROCOPIO DE MOURA     R CAPITAO ABDON NUNES 837               TIROL          59014540NATAL          RN0000000000000000                                        000                            
0010001300063P 010343470000000034223 22390740000127060     2  203006001      3006202000000000004650060642602N10062020300000000000000000000000000000000000000000000000000000000000000000000000000000006000305016005186292020 3003000090000000000 
0010001300064Q 012002630270000101CONDOMINIO RESID ANTONIO DUTRA          R FRANCISCO BORGES DE OLIVEIRA 1288     CANDELARIA     59063370NATAL          RN0000000000000000                                        000                            
0010001300065P 010343470000000034223 22390740000127063     2  203006001      3006202000000000001550060564602N10062020300000000000000000000000000000000000000000000000000000000000000000000000000000006000305116005186152020 3003000090000000000 
0010001300066Q 012002637622000150CONDOMINIO RESIDENCIAL BLANCHE          R CORONEL COSTA PINHEIRO 1309           TIROL          59015050NATAL          RN0000000000000000                                        000                            
0010001300067P 010343470000000034223 22390740000127045     2  203006001      3006202000000000001550060413602N10062020300000000000000000000000000000000000000000000000000000000000000000000000000000006000305216005185792020 3003000090000000000 
0010001300068Q 012002795834000166CONDOMINIO EDIFICIO NAPOLEAO SOARES     R DOUTOR CARLOS PASSOS 1763             TIROL          59015310NATAL          RN0000000000000000                                        000                            
0010001300069P 010343470000000034223 22390740000126977     2  203006001      3006202000000000006200060147602N10062020300000000000000000000000000000000000000000000000000000000000000000000000000000006000305616005183832020 3003000090000000000 
0010001300070Q 012002891186000141COND EDF RES TOUR DARGENT               R PROFESSOR MANOEL FERNANDES 218        TIROL          59020610NATAL          RN0000000000000000                                        000                            
0010001300071P 010343470000000034223 22390740000127004     2  203006001      3006202000000000009300060187602N10062020300000000000000000000000000000000000000000000000000000000000000000000000000000006000305916005183722020 3003000090000000000 
0010001300072Q 012002944132000105COND RESID JARDIM PORTUGAL              AV AMINTAS BARROS 3675                  LAGOA NOVA     59060249NATAL          RN0000000000000000                                        000                            
0010001300073P 010343470000000034223 22390740000127013     2  203006001      3006202000000000007800060145602N10062020300000000000000000000000000000000000000000000000000000000000000000000000000000006000306316005183822020 3003000090000000000 
0010001300074Q 012003037387000149COND RESID VERNIER                      R DOS TOROROS SN                        LAGOA NOVA     59054550NATAL          RN0000000000000000                                        000                            
0010001300075P 010343470000000034223 22390740000127018     2  203006001      3006202000000000007750060275602N10062020300000000000000000000000000000000000000000000000000000000000000000000000000000006000306716005185532020 3003000090000000000 
0010001300076Q 012003111491000136COND RESIDENCIAL GILMAR FILHO           PRACA ENG ABEL DE MENEZES LIRA 1128     TIROL          59020100NATAL          RN0000000000000000                                        000                            
0010001300077P 010343470000000034223 22390740000127009     2  203006001      3006202000000000007750060463602N10062020300000000000000000000000000000000000000000000000000000000000000000000000000000006000308516005185982020 3003000090000000000 
0010001300078Q 012003646719000192COND RESID NORMA DANTAS                 AV RODRIGUES ALVES 1175                 TIROL          59020200NATAL          RN0000000000000000                                        000                            
0010001300079P 010343470000000034223 22390740000127094     2  203006001      3006202000000000006302260348602N10062020300000000000000000000000000000000000000000000000000000000000000000000000000000006000309116005185622020 3003000090000000000 
0010001300080Q 012003878326000104IGREJA BATISTA SHEKINAH                 AV SANTOS DUMONT 478                    CAPIM MACIO    59078200NATAL          RN0000000000000000                                        000                            
0010001300081P 010343470000000034223 22390740000126985     2  203006001      3006202000000000006200060669602N10062020300000000000000000000000000000000000000000000000000000000000000000000000000000006000309816005186362020 3003000090000000000 
0010001300082Q 012004168411000141COND EDIFICIO VILLE DE MARSEILLE        AV ALMIRANTE ALEXANDRINO DE AL 1618     TIROL          59015350NATAL          RN0000000000000000                                        000                            
0010001300083P 010343470000000034223 22390740000127007     2  203006001      3006202000000000006200060190602N10062020300000000000000000000000000000000000000000000000000000000000000000000000000000006000310016005183732020 3003000090000000000 
0010001300084Q 012004223587000159COND RESID MARIA JOSE SANTOS GURGE      AV RODRIGUES ALVES 410                  PETROPOLIS     59020200NATAL          RN0000000000000000                                        000                            
0010001300085P 010343470000000034223 22390740000127005     2  203006001      3006202000000000001550060185602N10062020300000000000000000000000000000000000000000000000000000000000000000000000000000006000311116005183712020 3003000090000000000 
0010001300086Q 012004449786000180COND RESID JOAO MENDONCA                R JOAO ALVES FLOR 3612                  CANDELARIA     59064725NATAL          RN0000000000000000                                        000                            
0010001300087P 010343470000000034223 22390740000127074     2  203006001      3006202000000000004650060415602N10062020300000000000000000000000000000000000000000000000000000000000000000000000000000006000311716005185812020 3003000090000000000 
0010001300088Q 012004648854000130CONDOMINIO RESIDENCIAL MONTPARNASSE     R MANOEL MACHADO 358                    PETROPOLIS     59012320NATAL          RN0000000000000000                                        000                            
0010001300089P 010343470000000034223 22390740000127048     2  203006001      3006202000000000015500060478602N10062020300000000000000000000000000000000000000000000000000000000000000000000000000000006000313216005186032020 3003000090000000000 
0010001300090Q 012004848166000113CONDOMINIO FLORIDA GARDENS              AV AYRTON SENNA 1000                    NOVA PARNAMIRIM59151600PARNAMIRIM     RN0000000000000000                                        000                            
0010001300091P 010343470000000034223 22390740000126994     2  203006001      3006202000000000003100060458602N10062020300000000000000000000000000000000000000000000000000000000000000000000000000000006000313416005183862020 3003000090000000000 
0010001300092Q 012004856330000134COND MAR DE COTOVELO                    AV JOSE SEABRA 1040                     PRAIA DE COTOVE59161033PARNAMIRIM     RN0000000000000000                                        000                            
0010001300093P 010343470000000034223 22390740000127052     2  203006001      3006202000000000009300060662602N10062020300000000000000000000000000000000000000000000000000000000000000000000000000000006000314216005186332020 3003000090000000000 
0010001300094Q 012005009236000102CONDOMINIO PALAZZO DI L ACGUA           R ROMUALDO GALVAO 1812 EDILICIO         BARRO VERMELHO 59056100NATAL          RN0000000000000000                                        000                            
0010001300095P 010343470000000034223 22390740000127030     2  203006001      3006202000000000004650060468602N10062020300000000000000000000000000000000000000000000000000000000000000000000000000000006000314416005186002020 3003000090000000000 
0010001300096Q 012005088184000107COND VILA ROMANA II                     R JOAQUIM INACIO 1375 BLOCO D           TIROL          59022180NATAL          RN0000000000000000                                        000                            
0010001300097P 010343470000000034223 22390740000127072     2  203006001      3006202000000000004650060464602N10062020300000000000000000000000000000000000000000000000000000000000000000000000000000006000315316005185992020 3003000090000000000 
0010001300098Q 012005277440000104CONDOMINIO RESIDENCIAL MAFFIOLETTI      R JOAO DAS ESTIVAS 1803                 LAGOA SECA     59030640NATAL          RN0000000000000000                                        000                            
0010001300099P 010343470000000034223 22390740000126970     2  203006001      3006202000000000007750060103602N10062020300000000000000000000000000000000000000000000000000000000000000000000000000000006000315716005185322020 3003000090000000000 
0010001300100Q 012005339400000140COND DOM LUIGGIVICENZOCRISTALLIN        AV PRESIDENTE CAFE 836 PRAIA MEIO       SANTOS REIS    59010000NATAL          RN0000000000000000                                        000                            
0010001300101P 010343470000000034223 22390740000127082     2  203006001      3006202000000000004650060602602N10062020300000000000000000000000000000000000000000000000000000000000000000000000000000006000316016005185452020 3003000090000000000 
0010001300102Q 012005431280000106CONDOMINIO RESIDENCIAL PORTO POTENG     R PADRE PINTO 840                       CIDADE ALTA    59025610NATAL          RN0000000000000000                                        000                            
0010001300103P 010343470000000034223 22390740000127026     2  203006001      3006202000000000001550060677602N10062020300000000000000000000000000000000000000000000000000000000000000000000000000000006000316116005186392020 3003000090000000000 
0010001300104Q 012005482082000171COND RESIDENCIAL TORRE DO SUL           R PRESBITERO PORFIRIO GOMES DA 1757     CAPIM MACIO    59082420NATAL          RN0000000000000000                                        000                            
0010001300105P 010343470000000034223 22390740000127084     2  203006001      3006202000000000026000060476602N10062020300000000000000000000000000000000000000000000000000000000000000000000000000000006000316916005186102020 3003000090000000000 
0010001300106Q 012005617403000106CONDOMINIO RESIDENCIAL STELLA MARIS     AV GOVERNADOR SILVIO PEDROZA 176        AREIA PRETA    59014100NATAL          RN0000000000000000                                        000                            
0010001300107P 010343470000000034223 22390740000126990     2  203006001      3006202000000000012500060200602N10062020300000000000000000000000000000000000000000000000000000000000000000000000000000006000317516005183762020 3003000090000000000 
0010001300108Q 012005775042000118COND GREEN FIELD                        R JAGUARARI SN                          CANDELARIA     59064500NATAL          RN0000000000000000                                        000                            
0010001300109P 010343470000000034223 22390740000127023     2  203006001      3006202000000000015500060314602N10062020300000000000000000000000000000000000000000000000000000000000000000000000000000006000318016005185602020 3003000090000000000 
0010001300110Q 012005888432000102COND RESIDENCIAL OLIMPO                 R ESCRITOR JOSE MAURO DE VASCO 1915     CAPIM MACIO    59082210NATAL          RN0000000000000000                                        000                            
0010001300111P 010343470000000034223 22390740000127012     2  203006001      3006202000000000004650060136602N10062020300000000000000000000000000000000000000000000000000000000000000000000000000000006000318116005185372020 3003000090000000000 
0010001300112Q 012005922324000109COND RESID QUARTIER LATIN               AV NASCIMENTO DE CASTRO 1645            DIXSEPT ROSADO 59054180NATAL          RN0000000000000000                                        000                            
0010001300113P 010343470000000034223 22390740000127002     2  203006001      3006202000000000007750060440602N10062020300000000000000000000000000000000000000000000000000000000000000000000000000000006000318216005185852020 3003000090000000000 
0010001300114Q 012005957628000101COND RESID COLINAS DO SOL               AV MARIA LACERDA MONTE NEGRO 1010       NOVA PARNAMIRIM59152600PARNAMIRIM     RN0000000000000000                                        000                            
0010001300115P 010343470000000034223 22390740000126991     2  203006001      3006202000000000007750060132602N10062020300000000000000000000000000000000000000000000000000000000000000000000000000000006000318516005185352020 3003000090000000000 
0010001300116Q 012006053742000161COND LA ROCHELLE RESIDENCE              R LEONORA ARMISTRONG 200                PONTA NEGRA    59092450NATAL          RN0000000000000000                                        000                            
0010001300117P 010343470000000034223 22390740000127054     2  203006001      3006202000000000012400060448602N10062020300000000000000000000000000000000000000000000000000000000000000000000000000000006000319116005185882020 3003000090000000000 
0010001300118Q 012006244839000151CONDOMINIO PORTO DAS DUNAS              AV AMINTAS BARROS 3003                  NOVA DESCOBERTA59075250NATAL          RN0000000000000000                                        000                            
0010001300119P 010343470000000034223 22390740000127071     2  203006001      3006202000000000001550060536602N10062020300000000000000000000000000000000000000000000000000000000000000000000000000000006000320616005186202020 3003000090000000000 
0010001300120Q 012007068092000190CONDOMINIO RESIDENCIAL LUIZ MATHEUS     R THEODORICO GUILHERME 2189             CANDELARIA     59056410NATAL          RN0000000000000000                                        000                            
0010001300121P 010343470000000034223 22390740000127015     2  203006001      3006202000000000004650060302602N10062020300000000000000000000000000000000000000000000000000000000000000000000000000000006000320816005185562020 3003000090000000000 
0010001300122Q 012007072797000181COND RESIDENCIAL DULCE COSTA            R JUNDIAI 704                           TIROL          59020120NATAL          RN0000000000000000                                        000                            
0010001300123P 010343470000000034223 22390740000127019     2  203006001      3006202000000000006200060418602N10062020300000000000000000000000000000000000000000000000000000000000000000000000000000006000321216005185822020 3003000090000000000 
0010001300124Q 012007120928000159COND RESIDENCIAL JARDINS DE ARUANDA     AV MARIA LACERDA MONTENEGRO 387         NOVA PARNAMIRIM59152900PARNAMIRIM     RN0000000000000000                                        000                            
0010001300125P 010343470000000034223 22390740000126968     2  203006001      3006202000000000001550060108602N10062020300000000000000000000000000000000000000000000000000000000000000000000000000000006000321516005169952020 3003000090000000000 
0010001300126Q 012007210944000132COND DAO SILVEIRA MALL                  AV PRUDENTE DE MORAIS 2700              LAGOA NOVA     59020400NATAL          RN0000000000000000                                        000                            
0010001300127P 010343470000000034223 22390740000127069     2  203006001      3006202000000000004650060479602N10062020300000000000000000000000000000000000000000000000000000000000000000000000000000006000321616005186042020 3003000090000000000 
0010001300128Q 012007215578000104CONDOMINIO RESIDENCIAL KOPENHAGEM       R DOM JOSE TOMAZ 1036                   TIROL          59022250NATAL          RN0000000000000000                                        000                            
0010001300129P 010343470000000034223 22390740000127029     2  203006001      3006202000000000006200060595602N10062020300000000000000000000000000000000000000000000000000000000000000000000000000000006000322016005185442020 3003000090000000000 
0010001300130Q 012007318549000178COND VERSAILLES                         R SAO JOSE 2028                         LAGOA NOVA     59054630NATAL          RN0000000000000000                                        000                            
0010001300131P 010343470000000034223 22390740000126992     2  203006001      3006202000000000007750060640602N10062020300000000000000000000000000000000000000000000000000000000000000000000000000000006000322316005185972020 3003000090000000000 
0010001300132Q 012007365989000186COND MANSAO LE PAVILLON                 R DESEMBARGADOR HEMETERIO FERN 1055     TIROL          59015110NATAL          RN0000000000000000                                        000                            
0010001300133P 010343470000000034223 22390740000127091     2  203006001      3006202000000000011220060392602N10062020300000000000000000000000000000000000000000000000000000000000000000000000000000006000323316005169962020 3003000090000000000 
0010001300134Q 012007615434000145H S I DISTRIBUIDORA DE COMBUSTIVEL      AV ENGENHEIRO ROBERTO FREIRE 1456       CAPIM MACIO    59078600NATAL          RN0000000000000000                                        000                            
0010001300135P 010343470000000034223 22390740000127059     2  203006001      3006202000000000007750060459602N10062020300000000000000000000000000000000000000000000000000000000000000000000000000000006000324116005183872020 3003000090000000000 
0010001300136Q 012007710364000104CONDOMINIO RES ZILDA CARDOSO            R MORAIS NAVARRO 2060                   LAGOA NOVA     59075770NATAL          RN0000000000000000                                        000                            
0010001300137P 010343470000000034223 22390740000127036     2  203006001      3006202000000000007750060422602N10062020300000000000000000000000000000000000000000000000000000000000000000000000000000006000324216005185832020 3003000090000000000 
0010001300138Q 012007710800000145CONDOMINIO CRISTAL RESIDENCE            AV NASCIMENTO DE CASTRO 1795            LAGOA NOVA     59056450NATAL          RN0000000000000000                                        000                            
0010001300139P 010343470000000034223 22390740000127025     2  203006001      3006202000000000009300060355602N10062020300000000000000000000000000000000000000000000000000000000000000000000000000000006000324516005185652020 3003000090000000000 
0010001300140Q 012007787456000192COND RESIDENCIAL SALES CORREIA          R EPITACIO ANDRADE 1420                 BARRO VERMELHO 59022405NATAL          RN0000000000000000                                        000                            
0010001300141P 010343470000000034223 22390740000127046     2  203006001      3006202000000000004650060482602N10062020300000000000000000000000000000000000000000000000000000000000000000000000000000006000325116005186052020 3003000090000000000 
0010001300142Q 012007908640000143CONDOMINIO EDIFICIO PIAGET              R NIVAL CAMARA 1483                     TIROL          59020630NATAL          RN0000000000000000                                        000                            
0010001300143P 010343470000000034223 22390740000127087     2  203006001      3006202000000000037200060313602N10062020300000000000000000000000000000000000000000000000000000000000000000000000000000006000325416005185592020 3003000090000000000 
0010001300144Q 012007993151000137DOMINUS ADMINISTRADORA CONDOMINIOS      AV ALMIRANTE ALEXANDRI 465 1 ANDAR      ALECRIM        59030350NATAL          RN0000000000000000                                        000                            
0010001300145P 010343470000000034223 22390740000126944     2  203105001      1506202000000000376038750004502N10062020300000000000000000000000000000000000000000000000000000000000000000000000000000006000326116005179052020 3003000090000000000 
0010001300146Q 012008215600000189AFURN ASSOC DOS FUNC DA UNIV FED        R DAS VIOLETAS 628 B MIRASSOL           CAPIM MACIO    59078160NATAL          RN0000000000000000                                        000                            
0010001300147P 010343470000000034223 22390740000126962     2  203006001      3006202000000000280700060004602N10062020300000000000000000000000000000000000000000000000000000000000000000000000000000006000326116005185282020 3003000090000000000 
0010001300148Q 012008215600000189AFURN ASSOC DOS FUNC DA UNIV FED        R DAS VIOLETAS 628 B MIRASSOL           CAPIM MACIO    59078160NATAL          RN0000000000000000                                        000                            
0010001300149P 010343470000000034223 22390740000126996     2  203006001      3006202000000000007750060306602N10062020300000000000000000000000000000000000000000000000000000000000000000000000000000006000327716005185572020 3003000090000000000 
0010001300150Q 012008466544000155COND MARIA AUGUSTA                      R DOM JOSE TOMAZ 1025                   TIROL          59022250NATAL          RN0000000000000000                                        000                            
0010001300151P 010343470000000034223 22390740000127027     2  203006001      3006202000000000007750060491602N10062020300000000000000000000000000000000000000000000000000000000000000000000000000000006000327816005186072020 3003000090000000000 
0010001300152Q 012008471031000132COND THERRA LUNA                        R ILIRIA TAVARES GALVAO 46              BARRO VERMELHO 59022460NATAL          RN0000000000000000                                        000                            
0010001300153P 010343470000000034223 22390740000127076     2  203006001      3006202000000000013700060118602N10062020300000000000000000000000000000000000000000000000000000000000000000000000000000006000328416005185342020 3003000090000000000 
0010001300154Q 012008561816000104CONDOMINIO RESIDENCIAL OASIS            AV GOVERNADOR SILVIO PEDROZA 170        AREIA PRETA    59014100NATAL          RN0000000000000000                                        000                            
0010001300155P 010343470000000034223 22390740000127095     2  203006001      3006202000000000013500060307602N10062020300000000000000000000000000000000000000000000000000000000000000000000000000000006000330116005185582020 3003000090000000000 
0010001300156Q 012008953728000140J B DE ALBUQUERQUE JUNIOR ME            R CHELITA 1421 LETRA A                  AMARANTE       59290000SAO GONCALO DO RN0000000000000000                                        000                            
0010001300157P 010343470000000034223 22390740000126978     2  203006001      3006202000000000001550060233602N10062020300000000000000000000000000000000000000000000000000000000000000000000000000000006000330316005185522020 3003000090000000000 
0010001300158Q 012009070347000185COND EDIF ABEL FERNANDES DA COSTA       R FELIPE CORTEZ 1844                    LAGOA NOVA     59056150NATAL          RN0000000000000000                                        000                            
0010001300159P 010343470000000034223 22390740000127083     2  203006001      3006202000000000012400060558602N10062020300000000000000000000000000000000000000000000000000000000000000000000000000000006000330516005186142020 3003000090000000000 
0010001300160Q 012009093207000122CONDOMINIO RESIDENCIAL PORTO SALINA     AV GOVERNADOR SILVIO PEDROZA 314        AREIA PRETA    59014100NATAL          RN0000000000000000                                        000                            
0010001300161P 010343470000000034223 22390740000127055     2  203006001      3006202000000000003100060431602N10062020300000000000000000000000000000000000000000000000000000000000000000000000000000006000330816005185842020 3003000090000000000 
0010001300162Q 012009171328000145CONDOMINIO PRAIA SUL RESIDENCE          AV ENGENHEIRO ROBERTO FREIRE 3093       PONTA NEGRA    59090000NATAL          RN0000000000000000                                        000                            
0010001300163P 010343470000000034223 22390740000127014     2  203006001      3006202000000000009300060454602N10062020300000000000000000000000000000000000000000000000000000000000000000000000000000006000332516005183852020 3003000090000000000 
0010001300164Q 012009394811000199COND RESIDENCIAL COSTA LESTE            R DOUTOR MANOEL DANTAS 424              PETROPOLIS     59012270NATAL          RN0000000000000000                                        000                            
0010001300165P 010343470000000034223 22390740000127040     2  203006001      3006202000000000001550060414602N10062020300000000000000000000000000000000000000000000000000000000000000000000000000000006000332816005185802020 3003000090000000000 
0010001300166Q 012009428459000165CONDOMINIO EDIFICIO AMAZONAS            AV AMINTAS BARROS 2277                  LAGOA NOVA     59075250NATAL          RN0000000000000000                                        000                            
0010001300167P 010343470000000034223 22390740000126986     2  203006001      3006202000000000002800060710602N10062020300000000000000000000000000000000000000000000000000000000000000000000000000000006000332916005186452020 3003000090000000000 
0010001300168Q 012009428939000126COND EDIFICIOS CALIFORNIA E PENSILV     R CICERO PINTO 1236                     DIX SEPT ROSADO59054460NATAL          RN0000000000000000                                        000                            
0010001300169P 010343470000000034223 22390740000127068     2  203006001      3006202000000000004650060400602N10062020300000000000000000000000000000000000000000000000000000000000000000000000000000006000333016005169572020 3003000090000000000 
0010001300170Q 012009439812000102CONDOMINIO RESIDENCIAL JAGUARARI        R DOUTOR PAULO PINTO DE ABREU 195       LAGOA NOVA     59064360NATAL          RN0000000000000000                                        000                            
0010001300171P 010343470000000034223 22390740000127031     2  203006001      3006202000000000004650060587602N10062020300000000000000000000000000000000000000000000000000000000000000000000000000000006000333216005185422020 3003000090000000000 
0010001300172Q 012009613275000175COND VILLAGE DE PONTA NEGRA IV          R PRAIA DE MURIU 9188                   PONTA NEGRA    59092390NATAL          RN0000000000000000                                        000                            
0010001300173P 010343470000000034223 22390740000126983     2  203006001      3006202000000000012400060445602N10062020300000000000000000000000000000000000000000000000000000000000000000000000000000006000334416005185872020 3003000090000000000 
0010001300174Q 012010525468000153COND EDIFICIO LUXOR PONTA NEGRA         AV ENGENHEIRO ROBERTO FREIRE 9090       PONTA NEGRA    59090000NATAL          RN0000000000000000                                        000                            
0010001300175P 010343470000000034223 22390740000127017     2  203006001      3006202000000000007750060335602N10062020300000000000000000000000000000000000000000000000000000000000000000000000000000006000334516005185612020 3003000090000000000 
0010001300176Q 012010666809000100COND RESIDENCIAL EMIDIO VIEIRA DE M     R APODI 597                             TIROL          59020130NATAL          RN0000000000000000                                        000                            
0010001300177P 010343470000000034223 22390740000127057     2  203006001      3006202000000000001550060542602N10062020300000000000000000000000000000000000000000000000000000000000000000000000000000006000335716005186122020 3003000090000000000 
0010001300178Q 012010986462000183CONDOMINIO RES DUNAS DO TIROL           R ALDA RAMALHO PEREIRA 1009             TIROL          59014600NATAL          RN0000000000000000                                        000                            
0010001300179P 010343470000000034223 22390740000126963     2  203006001      3006202000000000006200060624602N10062020300000000000000000000000000000000000000000000000000000000000000000000000000000006000336016005185912020 3003000090000000000 
0010001300180Q 012011117566000114ALAMEDA BOA ESPERANCA I                 AV ABEL CABRAL 3012                     NOVA PARNAMIRIM59151250PARNAMIRIM     RN0000000000000000                                        000                            
0010001300181P 010343470000000034223 22390740000127078     2  203006001      3006202000000000004650060485602N10062020300000000000000000000000000000000000000000000000000000000000000000000000000000006000336216005186062020 3003000090000000000 
0010001300182Q 012011304652000136CONDOMINIO RESIDENCIAL PANAMERICANO     AV MARIA LACERDA MONTE NEGRO 1817       NOVA PARNAMIRIM59152600PARNAMIRIM     RN0000000000000000                                        000                            
0010001300183P 010343470000000034223 22390740000127039     2  203006001      3006202000000000009300060475602N10062020300000000000000000000000000000000000000000000000000000000000000000000000000000006000336616005186092020 3003000090000000000 
0010001300184Q 012011498707000196CONDOMINIO EDIF PETROPOLIS RESIDENC     R ENEAS REIS 485                        PETROPOLIS     59020020NATAL          RN0000000000000000                                        000                            
0010001300185P 010343470000000034223 22390740000127037     2  203006001      3006202000000000009600060444602N10062020300000000000000000000000000000000000000000000000000000000000000000000000000000006000337616005185862020 3003000090000000000 
0010001300186Q 012012701967000180CONDOMINIO DO EDIF SOLAR EWERTON CO     R TRAIRI 581                            PETROPOLIS     59020150NATAL          RN0000000000000000                                        000                            
0010001300187P 010343470000000034223 22390740000126969     2  203006001      3006202000000000007750060215602N10062020300000000000000000000000000000000000000000000000000000000000000000000000000000006000337816005185482020 3003000090000000000 
0010001300188Q 012012745063000156COND DO EMP HAB MAR DO SUL II           R ILCE MARINHO 350                      CAPIM MACIO    59082280NATAL          RN0000000000000000                                        000                            
0010001300189P 010343470000000034223 22390740000127028     2  203006001      3006202000000000006200060653602N10062020300000000000000000000000000000000000000000000000000000000000000000000000000000006000338116005186312020 3003000090000000000 
0010001300190Q 012012754974000140COND VERDES MARES                       R MANDACARU 2160                        LAGOA NOVA     59064400NATAL          RN0000000000000000                                        000                            
0010001300191P 010343470000000034223 22390740000126989     2  203006001      3006202000000000006400060376602N10062020300000000000000000000000000000000000000000000000000000000000000000000000000000006000338216005185672020 3003000090000000000 
0010001300192Q 012012793761000127COND GRANADA FLAT                       AV ENGENHEIRO ROBERTO FREIRE 2624       CAPIM MACIO    59082400NATAL          RN0000000000000000                                        000                            
0010001300193P 010343470000000034223 22390740000127100     2  203006001      3006202000000000007100060583602N10062020300000000000000000000000000000000000000000000000000000000000000000000000000000006000338316005185412020 3003000090000000000 
0010001300194Q 012013093865000191REZENDE ADMINISTRADORA DE COND LTDA     AV RODRIGUES ALVES 630                  TIROL          59020200NATAL          RN0000000000000000                                        000                            
0010001300195P 010343470000000034223 22390740000127016     2  203006001      3006202000000000001550060393602N10062020300000000000000000000000000000000000000000000000000000000000000000000000000000006000338516005169972020 3003000090000000000 
0010001300196Q 012013159912000152COND RESIDENCIAL DUNAS TIROL            R NOSSA SENHORA DE LOURDES 125          TIROL          59015260NATAL          RN0000000000000000                                        000                            
0010001300197P 010343470000000034223 22390740000126993     2  203006001      3006202000000000009300060378602N10062020300000000000000000000000000000000000000000000000000000000000000000000000000000006000339016005185692020 3003000090000000000 
0010001300198Q 012013554446000100COND MAOS DE ARTE SHOPPING DO ARTES     AV PRESIDENTE CAFE FILHO 1750           PRAIA DO MEIO  59010000NATAL          RN0000000000000000                                        000                            
0010001300199P 010343470000000034223 22390740000126997     2  203006001      3006202000000000004650060598602N10062020300000000000000000000000000000000000000000000000000000000000000000000000000000006000339216005186212020 3003000090000000000 
0010001300200Q 012013714726000138COND MARIA LEITE CAVAL RESIDENCE        R SERGIO SEVERO 1135                    LAGOA NOVA     59063380NATAL          RN0000000000000000                                        000                            
0010001300201P 010343470000000034223 22390740000127079     2  203006001      3006202000000000018600060528602N10062020300000000000000000000000000000000000000000000000000000000000000000000000000000006000339416005186192020 3003000090000000000 
0010001300202Q 012014014912000127CONDOMINIO RESIDENCIAL PARQUE GUAIR     AV MARIA LACERDA MONTENEGRO 339         NOVA PARNAMIRIM59152900PARNAMIRIM     RN0000000000000000                                        000                            
0010001300203P 010343470000000034223 22390740000127022     2  203006001      3006202000000000001550060670602N10062020300000000000000000000000000000000000000000000000000000000000000000000000000000006000340616005186372020 3003000090000000000 
0010001300204Q 012014791159000186COND RESIDENCIAL NOEL ROSA              R FREI HENRIQUE DE COIMBRA 107          EMAUS          59148370PARNAMIRIM     RN0000000000000000                                        000                            
0010001300205P 010343470000000034223 22390740000127041     2  203006001      3006202000000000007750060566602N10062020300000000000000000000000000000000000000000000000000000000000000000000000000000006000341116005185402020 3003000090000000000 
0010001300206Q 012014978390000183CONDOMINIO EDIFICIO DAKOTA RESIDENC     AV RODRIGUES ALVES 724                  TIROL          59020200NATAL          RN0000000000000000                                        000                            
0010001300207P 010343470000000034223 22390740000127038     2  203006001      3006202000000000003100060651602N10062020300000000000000000000000000000000000000000000000000000000000000000000000000000006000341216005186302020 3003000090000000000 
0010001300208Q 012014978419000127CONDOMINIO EDIF CHATEAU SAINT EMILI     R DESEMBARGADOR FLORIANO CAVALC 600     TIROL          59014490NATAL          RN0000000000000000                                        000                            
0010001300209P 010343470000000034223 22390740000127056     2  203006001      3006202000000000009300060664602N10062020300000000000000000000000000000000000000000000000000000000000000000000000000000006000341716005186342020 3003000090000000000 
0010001300210Q 012015259436000177CONDOMINIO RES DIRCE CAMARA             TRAV ANTONIO BASILIO 2172               LAGOA NOVA     59056385NATAL          RN0000000000000000                                        000                            
0010001300211P 010343470000000034223 22390740000127081     2  203006001      3006202000000000001550060540602N10062020300000000000000000000000000000000000000000000000000000000000000000000000000000006000343516005186112020 3003000090000000000 
0010001300212Q 012018676673000121CONDOMINIO RESIDENCIAL PORTO ARENA      ALAMEDA DAS MANSOES 701                 CANDELARIA     59064740NATAL          RN0000000000000000                                        000                            
0010001300213P 010343470000000034223 22390740000126967     2  203006001      3006202000000000001550060657602N10062020300000000000000000000000000000000000000000000000000000000000000000000000000000006000343616005186322020 3003000090000000000 
0010001300214Q 012018711677000101COND CENTRO EMPRESARIAL CIDADE JARD     R LEONCIO ETELVINO DE MEDEIROS 1926     CAPIM MACIO    59078570NATAL          RN0000000000000000                                        000                            
0010001300215P 010343470000000034223 22390740000127042     2  203006001      3006202000000000001550060605602N10062020300000000000000000000000000000000000000000000000000000000000000000000000000000006000343716005185462020 3003000090000000000 
0010001300216Q 012018816412000160CONDOMINIO EDIFICIO FLAT CAPIM MACI     R MISSIONARIO JOEL CARLSON 1915         CAPIM MACIO    59082130NATAL          RN0000000000000000                                        000                            
0010001300217P 010343470000000034223 22390740000127085     2  203006001      3006202000000000014618960623602N10062020300000000000000000000000000000000000000000000000000000000000000000000000000000006000344816005185902020 3003000090000000000 
0010001300218Q 012020348018000196CONDOMINIO SOLAR DA CATALUNYA           R CIRO MONTEIRO 1180                    TIROL          59020340NATAL          RN0000000000000000                                        000                            
0010001300219P 010343470000000034223 22390740000127080     2  203006001      3006202000000000007750060631602N10062020300000000000000000000000000000000000000000000000000000000000000000000000000000006000345116005185932020 3003000090000000000 
0010001300220Q 012020846922000121CONDOMINIO RESIDENCIAL PLAZA REAL       R VEREADORA MARIA QUEIROZ 1385          LAGOA NOVA     59062410NATAL          RN0000000000000000                                        000                            
0010001300221P 010343470000000034223 22390740000127099     2  203006001      3006202000000000004650060672602N10062020300000000000000000000000000000000000000000000000000000000000000000000000000000006000345316005186382020 3003000090000000000 
0010001300222Q 012020983126000130RESIDENCIAL MACHADO DE ASSIS            R ELIZA BRANCO PEREIRA DOS SANTO 78     PARQUE DAS NACO59158160PARNAMIRIM     RN0000000000000000                                        000                            
0010001300223P 010343470000000034223 22390740000127102     2  203006001      3006202000000000008310060641602N10062020300000000000000000000000000000000000000000000000000000000000000000000000000000006000346316005186282020 3003000090000000000 
0010001300224Q 012022902573000143SANTOS LIMA COM VAR P ACES AUTOM LT     R PRESIDENTE SARMENTO 592 LETRA A       ALECRIM        59037400NATAL          RN0000000000000000                                        000                            
0010001300225P 010343470000000034223 22390740000127077     2  203006001      3006202000000000001550060636602N10062020300000000000000000000000000000000000000000000000000000000000000000000000000000006000346516005185952020 3003000090000000000 
0010001300226Q 012023227951000101CONDOMINIO RESIDENCIAL PALLADINE        R DA SAUDADE 1035                       LAGOA NOVA     59056125NATAL          RN0000000000000000                                        000                            
0010001300227P 010343470000000034223 22390740000127021     2  203006001      3006202000000000009300060713602N10062020300000000000000000000000000000000000000000000000000000000000000000000000000000006000346716005186482020 3003000090000000000 
0010001300228Q 012023896441000119COND RESIDENCIAL MARIA EMILIANA MEL     AV NASCIMENTO DE CASTRO 2014            LAGOA NOVA     59056450NATAL          RN0000000000000000                                        000                            
0010001300229P 010343470000000034223 22390740000127024     2  203006001      3006202000000000003100060687602N10062020300000000000000000000000000000000000000000000000000000000000000000000000000000006000346816005186402020 3003000090000000000 
0010001300230Q 012023962502000107COND RESIDENCIAL PLANALTO DREAM         R MARCOS AUGUSTO TEIXEIRA DE C 2815     PLANALTO       59073350NATAL          RN0000000000000000                                        000                            
0010001300231P 010343470000000034223 22390740000127049     2  203006001      3006202000000000007750060596602N10062020300000000000000000000000000000000000000000000000000000000000000000000000000000006000347016005185892020 3003000090000000000 
0010001300232Q 012024192684000139CONDOMINIO HABITACIONAL MAR DO SUL      R ILCE MARINHO 120                      CAPIM MACIO    59082280NATAL          RN0000000000000000                                        000                            
0010001300233P 010343470000000034223 22390740000126988     2  203006001      3006202000000000007750060626602N10062020300000000000000000000000000000000000000000000000000000000000000000000000000000006000347116005185922020 3003000090000000000 
0010001300234Q 012024192726000131COND EMPREED HABITACIONAL MAR SUL I     R ILCE MARINHO 258                      CAPIM MACIO    59082280NATAL          RN0000000000000000                                        000                            
0010001300235P 010343470000000034223 22390740000126975     2  203006001      3006202000000000007750060285602N10062020300000000000000000000000000000000000000000000000000000000000000000000000000000006000347316005185542020 3003000090000000000 
0010001300236Q 012024199259000171COND EDF PARQUE DAS PALMEIRAS II        AV ANTONIO BASILIO 2977                 LAGOA NOVA     59056380NATAL          RN0000000000000000                                        000                            
0010001300237P 010343470000000034223 22390740000126984     2  203006001      3006202000000000001550060666602N10062020300000000000000000000000000000000000000000000000000000000000000000000000000000006000347516005186352020 3003000090000000000 
0010001300238Q 012024363582000139COND EDIFICIO MICHELLI                  R SAO JOAO 1305                         LAGOA SECA     59106028NATAL          RN0000000000000000                                        000                            
0010001300239P 010343470000000034223 22390740000126965     2  203006001      3006202000000000004650060717602N10062020300000000000000000000000000000000000000000000000000000000000000000000000000000006000348816005186472020 3003000090000000000 
0010001300240Q 012027165552000106CENTRO COMERCIAL OLAVO MEDEIROS         AV PRUDENTE DE MORAIS SN                TIROL          59020505NATAL          RN0000000000000000                                        000                            
0010001300241P 010343470000000034223 22390740000126987     2  203006001      3006202000000000013950060708602N10062020300000000000000000000000000000000000000000000000000000000000000000000000000000006000349616005186432020 3003000090000000000 
0010001300242Q 012040756306000197COND EMP HABITACIONAL TORRE DO MAR      R INDUSTRIAL JOAO MOTTA 1756            CAPIM MACIO    59082410NATAL          RN0000000000000000                                        000                            
0010001300243P 010343470000000034223 22390740000127088     2  202006001      2006202000000000023920701513602N10062020300000000000000000000000000000000000000000000000000000000000000000000000000000006000350216005179062020 3003000090000000000 
0010001300244Q 012040771743000180EIDER FURTADO ADVOCACIA SC EPP          R RAIMUNDO CHAVES 1844                  LAGOA NOVA     59064390NATAL          RN0000000000000000                                        000                            
0010001300245P 010343470000000034223 22390740000127089     2  203006001      3006202000000000005700060709602N10062020300000000000000000000000000000000000000000000000000000000000000000000000000000006000350216005186442020 3003000090000000000 
0010001300246Q 012040771743000180EIDER FURTADO ADVOCACIA SC EPP          R RAIMUNDO CHAVES 1844                  LAGOA NOVA     59064390NATAL          RN0000000000000000                                        000                            
0010001300247P 010343470000000034223 22390740000127032     2  203006001      3006202000000000004160060471602N10062020300000000000000000000000000000000000000000000000000000000000000000000000000000006000350516005186022020 3003000090000000000 
0010001300248Q 012040772055000134CONDOMINIO ALDEBARAN                    R ALMIRANTE TAMANDARE 146               LAGOA NOVA     59054560NATAL          RN0000000000000000                                        000                            
0010001300249P 010343470000000034223 22390740000126979     2  203006001      3006202000000000001550060407602N10062020300000000000000000000000000000000000000000000000000000000000000000000000000000006000350716005185782020 3003000090000000000 
0010001300250Q 012040799447000197COND EDIF BOUGAINVILLE                  R DOUTOR EWERTON DANTAS CORTEZ 1487     TIROL          59020620NATAL          RN0000000000000000                                        000                            
0010001300251P 010343470000000034223 22390740000127047     2  203006001      3006202000000000007750060606602N10062020300000000000000000000000000000000000000000000000000000000000000000000000000000006000351216005185472020 3003000090000000000 
0010001300252Q 012040800815000170CONDOMINIO EDIFICIO SAINT MORITZ I      R VEREADOR ORLANDO GARCIA 1420          LAGOA NOVA     59056010NATAL          RN0000000000000000                                        000                            
0010001300253P 010343470000000034223 22390740000127001     2  203006001      3006202000000000007750060174602N10062020300000000000000000000000000000000000000000000000000000000000000000000000000000006000351616005183702020 3003000090000000000 
0010001300254Q 012040986861000105COND PLAZA CENTER                       R PROFESSOR FONTES GALVAO 719           TIROL          59020140NATAL          RN0000000000000000                                        000                            
0010001300255P 010343470000000034223 22390740000127011     2  203006001      3006202000000000004650060135602N10062020300000000000000000000000000000000000000000000000000000000000000000000000000000006000351916005185362020 3003000090000000000 
0010001300256Q 012040997819000190COND RESID PORTAL DAS MARINAS           R DESEMBARGADOR DIONISIO FILGUEI SN     PETROPOLIS     59014020NATAL          RN0000000000000000                                        000                            
0010001300257P 010343470000000034223 22390740000126972     2  203006001      3006202000000000004650060232602N10062020300000000000000000000000000000000000000000000000000000000000000000000000000000006000352516005185512020 3003000090000000000 
0010001300258Q 012040998452000129COND EDF MON WALFREDO GURGEL            R DESEMBARGADOR REGULO TINOCO 1031      PETROPOLIS     59022080NATAL          RN0000000000000000                                        000                            
0010001300259P 010343470000000034223 22390740000126976     2  203006001      3006202000000000009300060144602N10062020300000000000000000000000000000000000000000000000000000000000000000000000000000006000352716005185392020 3003000090000000000 
0010001300260Q 012040998577000159COND EDF PRESIDENTE LINCOLN             R DOUTOR PAULO VIVEIROS 562             PETROPOLIS     59012350NATAL          RN0000000000000000                                        000                            
0010001300261P 010343470000000034223 22390740000126982     2  203006001      3006202000000000006200060295602N10062020300000000000000000000000000000000000000000000000000000000000000000000000000000006000353416005185552020 3003000090000000000 
0010001300262Q 012041007691000132COND EDIFICIO ENGENHEIRO ANTONIO LI     R MAXARANGUAPE 604                      TIROL          59020160NATAL          RN0000000000000000                                        000                            
0010001300263P 010343470000000034223 22390740000127033     2  203006001      3006202000000000001550060511602N10062020300000000000000000000000000000000000000000000000000000000000000000000000000000006000354116005186182020 3003000090000000000 
0010001300264Q 012070034137000142CONDOMINIO ANA FLAVIA E GABRIELA        R SAO JOAO 1280                         LAGOA SECA     59022390NATAL          RN0000000000000000                                        000                            
0010001300265P 010343470000000034223 22390740000126999     2  203006001      3006202000000000007750060206602N10062020300000000000000000000000000000000000000000000000000000000000000000000000000000006000354316005183772020 3003000090000000000 
0010001300266Q 012070034863000165COND PARQUE DAS PALMEIRAS               R CONTADOR MANOEL RAIMUNDO DE AG 18     LAGOA NOVA     59056020NATAL          RN0000000000000000                                        000                            
0010001300267P 010343470000000034223 22390740000126966     2  203006001      3006202000000000002800060194602N10062020300000000000000000000000000000000000000000000000000000000000000000000000000000006000354716005183742020 3003000090000000000 
0010001300268Q 012070145024000114COND CCAB PETROPOLIS                    AV AFONSO PENA 394                      PETROPOLIS     59020100NATAL          RN0000000000000000                                        000                            
0010001300269P 010343470000000034223 22390740000126980     2  203006001      3006202000000000001550060349602N10062020300000000000000000000000000000000000000000000000000000000000000000000000000000006000355016005185632020 3003000090000000000 
0010001300270Q 012070164181000177COND EDIFICIO ANTONIO POLIDRELLI        R DOM JOSE TOMAZ 777                    TIROL          59022250NATAL          RN0000000000000000                                        000                            
0010001300271P 010343470000000034223 22390740000127058     2  203006001      3006202000000000009150060692602N10062020300000000000000000000000000000000000000000000000000000000000000000000000000000006000355216005186412020 3003000090000000000 
0010001300272Q 012070164272000102CONDOMINIO RES INTEGRACAO               AV GOVERNADOR TARCISIO DE VASC 1798     CANDELARIA     59065780NATAL          RN0000000000000000                                        000                            
0010001300273P 010343470000000034223 22390740000127044     2  203006001      3006202000000000001550060590602N10062020300000000000000000000000000000000000000000000000000000000000000000000000000000006000357416005185432020 3003000090000000000 
0010001300274Q 012021128980000182CONDOMINIO EDIFICIO MANOEL VARELA       RUA DEPUTADO CLOVIS MOTTA 310           LAGOA NOVA     59064430NATAL          RN0000000000000000                                        000                            
0010001300275P 010343470000000034223 22390740000127034     2  203006001      3006202000000000001550060635602N10062020300000000000000000000000000000000000000000000000000000000000000000000000000000006000357516005185942020 3003000090000000000 
0010001300276Q 012008270511000135CONDOMINIO ANTONIO BASILIO              AV ANTONIO BASILIO 2356                 DIX SEPT ROSADO59056500NATAL          RN0000000000000000                                        000                            
0010001300277P 010343470000000034223 22390740000127035     2  203006001      3006202000000000009300060719602N10062020300000000000000000000000000000000000000000000000000000000000000000000000000000006000357816005186582020 3003000090000000000 
0010001300278Q 012005846198000142CONDOMINIO AURINO VILA                  R DR CALORS PASSOS 1610                 MORRO BRANCO   59015310NATAL          RN0000000000000000                                        000                            
0010001300279P 010343470000000034223 22390740000127008     2  203006001      3006202000000000001550060722602N10062020300000000000000000000000000000000000000000000000000000000000000000000000000000006000358916005186492020 3003000090000000000 
0010001300280Q 012005985584000115COND RESID MONTBLANC                    JOSE BARREIRA LIMA VERDE 136            TIROL          59022010NATAL          RN0000000000000000                                        000                            
0010001300281P 010343470000000034223 22390740000126948     2  000015739001   1007202000000000024540073900502N10062020300000000000000000000000000000000000000000000000000000000000000000000000000000006000379100931391162020 3003000090000000000 
0010001300282Q 012024004611000176MERCADINHO TIA LILA EIRELI              AV SENADOR SALGADO FILHO 2994           CANDELARIA     59064000NATAL          RN0000000000000000                                        000                            
0010001300283P 010343470000000034223 22390740000127098     2  203006001      3006202000000000001000060724602N10062020300000000000000000000000000000000000000000000000000000000000000000000000000000006000423016005186592020 3003000090000000000 
0010001300284Q 012008823508000100NOVOS DISTRIBUIDORA DE PRODUTOS         R ALEXANDRE CHAVES NETO 1231            LAGOA NOVA     59054410NATAL          RN0000000000000000                                        000                            
0010001300285P 010343470000000034223 22390740000127066     2  203006001      3006202000000000004650060726602N10062020300000000000000000000000000000000000000000000000000000000000000000000000000000006000451416005186602020 3003000090000000000 
0010001300286Q 012004666987000139CONDOMINIO RESIDENCIAL FLORENCA         RUA FLORENCA 2432                       PONTA NEGRA    59091150NATAL          RN0000000000000000                                        000                            
0010001300287P 010343470000000034223 22390740000126943     2  000248558001   1706202000000000020700055800802N10062020300000000000000000000000000000000000000000000000000000000000000000000000000000006000483800931390922020 3003000090000000000 
0010001300288Q 012007982370000110B M M DANTAS ME                         ROD BR 427 A                            WALFREDO GURGEL59300000CAICO          RN0000000000000000                                        000                            
0010001300289P 010343470000000034223 22390740000127062     2  203006001      3006202000000000001550060731602N10062020300000000000000000000000000000000000000000000000000000000000000000000000000000006000516716005186612020 3003000090000000000 
0010001300290Q 012001132746000111CONDOMINIO RESIDENCIAL AMOARAS          DEP MARCILIO FURTADO SN                 DIX SEPT ROSADO59063360NATAL          RN0000000000000000                                        000                            
0010001300291P 010343470000000034223 22390740000127103     2  203006001      3006202000000000001550060732602N10062020300000000000000000000000000000000000000000000000000000000000000000000000000000006000520616005186622020 3003000090000000000 
0010001300292Q 012016889820000116SOLARIUM CONDOMINIUM                    AV DO SOL 3504                          CANDELARIA     59065600NATAL          RN0000000000000000                                        000                            
0010001300293P 010343470000000034223 22390740000127093     2  203006001      3006202000000000004090060736602N10062020300000000000000000000000000000000000000000000000000000000000000000000000000000006000535516005186632020 3003000090000000000 
0010001300294Q 012004621349000100HRDS FARMACIA DE MANIPULACAO EIRELI     RUA APODI 559                           TIROL          59020130NATAL          RN0000000000000000                                        000                            
0010001300295P 010343470000000034223 22390740000127061     2  203006001      3006202000000000001550060743602N10062020300000000000000000000000000000000000000000000000000000000000000000000000000000006000540416005186242020 3003000090000000000 
0010001300296Q 012010890410000109CONDOMINIO RESIDENC VILLAGIO FELLIC     RUA TIBAU DO NORTE 150                  NOVA PARNAMIRIM59153025PARNAMIRIM     RN0000000000000000                                        000                            
0010001300297P 010343470000000034223 22390740000127092     2  203006001      3006202000000000000640060742602N10062020300000000000000000000000000000000000000000000000000000000000000000000000000000006000590316005186232020 3003000090000000000 
0010001300298Q 012004621349000282HRDS FARMACIA DE MANIPULACAO EIRELI     AV ENGENHEIRO ROBERTO FREIRE 932        CAPIM MACIO    59082025NATAL          RN0000000000000000                                        000                            
0010001300299P 010343470000000034223 22390740000127067     2  203006001      3006202000000000021700060751602N10062020300000000000000000000000000000000000000000000000000000000000000000000000000000006000616516005186652020 3003000090000000000 
0010001300300Q 012027878898000151CONDOMINIO RESIDENCIAL ISSA HAZBUN      AVENIDA PRESIDENTE GETULIO VARG 544     PETROPOLIS     59012360NATAL          RN0000000000000000                                        000                            
0010001300301P 010343470000000034223 22390740000127101     2  203006001      3006202000000000002800060746602N10062020300000000000000000000000000000000000000000000000000000000000000000000000000000006000638216005186252020 3003000090000000000 
0010001300302Q 012029332500000102RV EMPREENDIMENTOS IMOBILIARIOS         AV CORONEL ESTEVAM 243                  ALECRIM        59030000NATAL          RN0000000000000000                                        000                            
0010001300303P 010343470000000034223 22390740000126964     2  203006001      3006202000000000006200060747602N10062020300000000000000000000000000000000000000000000000000000000000000000000000000000006000660116005186262020 3003000090000000000 
0010001300304Q 012005285600000167ASSOCIACAO DOS MORADORES DO             AV MARIA LACERDA MONTENEGRO 170         NOVA PARNAMIRIM59150000PARNAMIRIM     RN0000000000000000                                        000                            
0010001300305P 010343470000000034223 22390740000127090     2  203006001      3006202000000000005600060752602N10062020300000000000000000000000000000000000000000000000000000000000000000000000000000006000699716005186662020 3003000090000000000 
0010001300306Q 012000544355000141FABILAU POUSADA LTDA                    R ALCINDO D DE OLIVEIRA 348             CAPIM MACIO    59082300NATAL          RN0000000000000000                                        000                            
0010001300307P 010343470000000034223 22390740000126952     2  203105001      1206202000000000006200050749502N12052020300000000000000000000000000000000000000000000000000000000000000000000000000000006000715016005153622020 3003000090000000000 
0010001300308Q 012003343722000137CONDOMINIO NILZA LOPES                  AV ROMUALDO GALVAO 2188                 LAGOA NOVA     59031100LAGOA NOVA     RN0000000000000000                                        000                            
0010001300309P 010343470000000034223 22390740000127051     2  203006001      3006202000000000007750060749602N10062020300000000000000000000000000000000000000000000000000000000000000000000000000000006000715016005186272020 3003000090000000000 
0010001300310Q 012003343722000137CONDOMINIO NILZA LOPES                  AV ROMUALDO GALVAO 2188                 LAGOA NOVA     59031100LAGOA NOVA     RN0000000000000000                                        000                            
0010001300311P 010343470000000034223 22390740000127086     2  203006001      3006202000000000001550060750602N10062020300000000000000000000000000000000000000000000000000000000000000000000000000000006000737816005186642020 3003000090000000000 
0010001300312Q 012006043122000141CONDOMINIO THEMIS                       R FRANCISCO MAIA SOBRINHO 1990          LAGOA NOVA     59064380NATAL          RN0000000000000000                                        000                            
0010001300313P 010343470000000034223 22390740000126939     2  000487002      1007202000000000003630978374702N10062020300000000000000000000000000000000000000000000000000000000000000000000000000000006000760352075175682020 3003000090000000000 
0010001300314Q 012003708046000409CROP AGRICOLA LTDA                      AV PILOTO PEREIRA TIM 1389              PARQUE DE EXPOS59146480PARNAMIRIM     RN0000000000000000                                        000                            
0010001300315P 010343470000000034223 22390740000126961     2  000103146001   1007202000000000006261814600302N10062020300000000000000000000000000000000000000000000000000000000000000000000000000000006000814400931397202020 3003000090000000000 
0010001300316Q 012026094031000142RESTAURANTE EXPRESS LTDA                AV PRAIA DE PONTA NEGRA 8916            PONTA NEGRA    59094100NATAL          RN0000000000000000                                        000                            
00100015         00031800000000000000000000000000000000000000000000000000000000000000000000000000000000000000000000                                                                                                                             
00199999         000001000320000000                                                                                                                                                                                                             
